3072 4930
262 389 325 452 200
610 387 636 442 S.
665 384 822 440 Aurelii
850 385 1064 456 Augustini

260 585 340 658 rent,
365 583 397 645 st
419 583 493 664 post
515 581 594 646 haec
618 581 796 664 acciperent
820 581 1058 662 sempiternum,
1089 578 1156 646 siue
1179 579 1232 644 hic
1256 580 1408 646 heberent

262 687 330 752 siue
354 707 416 754 non
440 687 601 753 heberent.

675 837 812 903 CAPUT
834 837 998 905 XXVIIII.

260 981 314 1047 De
337 981 529 1047 falsitate
554 979 745 1062 auspicii,
770 998 844 1061 quo
867 978 1034 1045 Romani
1060 979 1179 1063 regui
1202 979 1405 1046 fortitudo

489 1091 528 1153 et
551 1087 771 1151 stabilitas
795 1085 885 1150 uisa
909 1089 973 1152 est
994 1085 1182 1151 indicari.

304 1229 385 1294 Nem
409 1229 491 1295 illud
514 1231 607 1314 quale
636 1232 685 1294 est
713 1229 798 1312 quod
821 1227 1070 1313 pulcherrimum
1099 1228 1280 1313 auspicium
1307 1229 1405 1296 inisse

261 1335 416 1418 dixerunt,
437 1336 521 1418 qrrod
539 1335 635 1420 paulo
655 1340 727 1401 unte
747 1335 1004 1413 commemoraui,
1024 1336 1157 1400 Martem
1180 1338 1212 1400 et
1225 1336 1405 1401 Terminum

260 1449 292 1510 et
314 1446 516 1510 quentatem
548 1463 605 1509 nec
637 1444 708 1509 Ioui
740 1443 808 1528 regi
832 1443 962 1508 deorum
994 1444 1064 1508 leco
1098 1443 1208 1509 cedere
1241 1445 1405 1509 uoluisse?

260 1551 312 1618 Sic
336 1551 431 1630 enim,
455 1553 612 1635 inquiunt,
638 1551 854 1637 sIgnificstum
878 1554 937 1629 est,
966 1551 1115 1616 Martium
1139 1555 1278 1636 gentem,
1303 1552 1406 1616 idest

258 1659 443 1737 Romanam,
481 1659 598 1724 nemini
634 1659 741 1724 locum
773 1678 866 1742 quem
903 1661 1025 1723 teneret
1057 1657 1211 1735 daturum,
1249 1659 1405 1724 Romanos
1422 1679 1445 1719 n

260 1785 385 1849 quoque
413 1765 565 1831 terminos
593 1767 722 1847 prepter
750 1763 845 1828 deum
868 1763 1050 1828 'terminum
1084 1763 1241 1829 neminem
1269 1783 1405 1830 comino-

259 1876 377 1947 turum‚
401 1873 601 1936 iuuentutem
625 1871 721 1935 etism
744 1871 919 1936 Romanam
942 1873 1070 1953 propter
1093 1870 1183 1935 deum
1205 1872 1404 1938 quentatem

258 1978 374 2044 nemini
398 1997 467 2043 esse
491 1996 662 2042 cessuram.
687 1977 824 2042 Videant
846 1995 921 2060 ergo
946 1995 1008 2058 quc
1032 1977 1126 2042 modo
1151 1978 1289 2042 habeant
1306 1980 1404 2044 istum

258 2103 365 2168 regern
389 2084 519 2150 deorum
544 2103 675 2149 sucrum
699 2086 731 2148 et
750 2083 891 2148 datorem
915 2083 1003 2167 regui
1028 2085 1089 2160 sui,
1113 2085 1150 2147 ut
1173 2104 1245 2149 sum
1265 2087 1406 2170 auspiciu

259 2191 323 2258 ists
344 2210 400 2275 pro
425 2190 605 2256 aduersari0
629 2195 790 2273 ponerent,
822 2189 874 2255 cui
898 2209 959 2254 uon
983 2189 1092 2254 cedere
1116 2191 1284 2272 pulchrum
1310 2196 1405 2260 esset.
1420 2213 1442 2255 rs

260 2297 459 2378 Quemquam
473 2296 551 2362 haee
571 2297 599 2362 si
618 2315 694 2362 uere
712 2300 795 2374 sunt,
820 2314 880 2362 non
895 2297 1012 2361 hebent
1031 2297 1157 2362 omnine
1172 2297 1249 2380 quid
1263 2297 1406 2364 timeant

257 2402 328 2468 Non
352 2403 436 2468 enirn
460 2403 637 2468 confessuri
660 2406 744 2481 sunt,
769 2402 853 2484 qued
873 2401 905 2466 di
929 2401 1084 2468 cesserint
1098 2402 1236 2481 Christo,
1261 2405 1316 2488 qui
1334 2405 1405 2470 Ioui

258 2509 367 2574 cedere
390 2509 573 2584 noluerunt;
598 2509 698 2574 suluis
723 2509 841 2592 quippe
864 2509 990 2592 imperii
1012 2508 1128 2574 finibus
1149 2510 1276 2576 Christo
1296 2511 1405 2578 cedere

260 2618 433 2698 potuerunt
456 2615 545 2680 etde
570 2614 700 2680 sedibus
723 2618 866 2681 locorum
891 2618 923 2680 et
944 2617 1081 2680 maxime
1105 2616 1143 2681 de
1167 2617 1260 2684 corde
1280 2618 1406 2684 creden-

257 2721 348 2786 tium.
394 2720 457 2787 Sed
490 2725 658 2804 autequam
692 2721 838 2787 Christus
872 2723 1014 2787 uenisset
1040 2722 1073 2786 in
1101 2741 1203 2802 carne,
1237 2725 1404 2807 antequem
1421 2751 1444 2790 ro

258 2826 393 2910 denique
425 2827 489 2892 istu
521 2829 742 2906 scriberentur,
775 2846 856 2910 quae
881 2828 919 2893 de
946 2829 1037 2893 libris
1067 2847 1176 2894 eorum
1203 2830 1403 2914 proferimus,

258 2934 314 2999 sed
336 2936 442 2998 tamen
465 2937 577 3017 postea
601 2953 695 3017 quam
722 2935 843 2999 facturn
872 2939 922 2998 est
945 2935 1004 2999 sub
1033 2954 1107 3019 rege
1131 2935 1300 3018 Tarquinio
1324 2935 1405 3002 illud

257 3039 448 3123 auspicium,
482 3039 673 3123 aliquotiens
697 3040 859 3105 Romanus
883 3041 1039 3106 exereitus
1063 3042 1155 3107 fusus
1180 3045 1239 3121 est,
1272 3043 1333 3108 hoe
1357 3047 1406 3108 est

256 3165 369 3212 uersus
392 3146 425 3211 in
448 3147 569 3230 lugam,
593 3147 774 3230 salsumque
798 3146 939 3213 ostendit
957 3147 1146 3231 euspicium,
1170 3167 1233 3232 qun
1251 3149 1404 3214 quentas

256 3254 313 3318 ille
344 3273 405 3319 uon
439 3256 579 3320 cesserat
608 3253 690 3332 Ioui,
727 3257 761 3318 et
792 3273 870 3338 gens
902 3254 1018 3319 Martie
1055 3255 1278 3338 superantibus
1302 3255 1404 3340 adque
1420 3281 1445 3323 rs

256 3358 511 3443 inrumpentibus
545 3357 647 3424 Gallis
680 3361 712 3424 in
744 3360 815 3444 ipsa
838 3360 922 3426 Urbs
956 3363 1090 3426 contrita
1122 3365 1181 3440 est,
1214 3365 1246 3426 ct
1277 3361 1402 3426 termini

255 3466 380 3550 imperii
404 3465 625 3531 deficientibus
650 3465 760 3531 multis
786 3466 826 3531 ed
847 3466 1057 3532 Hannibalem
1087 3467 1271 3533 ciuitatibus
1295 3467 1328 3532 in
1352 3487 1404 3532 sn·
1520 3451 1521 3460 ἵ

258 3577 389 3657 gustum
411 3571 536 3638 suerent
559 3573 701 3637 cosmati.
748 3573 799 3638 lta
822 3577 977 3639 suacuats
1000 3579 1049 3640 est
1071 3574 1276 3658 pulchritudo
1300 3575 1403 3656 suspi-

257 3679 387 3757 ciomm,
411 3679 563 3746 remansit
586 3684 696 3746 contre
717 3680 828 3745 Iouem
853 3681 1062 3760 contumactae,
1090 3701 1152 3747 non
1177 3680 1318 3758 deorum,
1348 3681 1403 3746 sed

344 3931 513 3986 iselicitute
522 3949 545 4001 p
599 3933 664 3986 sec
677 3930 768 3986 stubil.
783 3947 868 4001 emp
904 3931 1168 4002 bpnlcerrimumO
1219 3899 1404 3989 emereamur

257 4021 291 4075 10
308 4023 434 4075 tenerent
453 4036 466 4075 e
540 4021 572 4074 12
591 4021 775 4090 quentatem]
793 4022 940 4076 iuueritete
959 4037 973 4077 e
1052 4023 1086 4077 14
1105 4039 1165 4076 eum
1182 4022 1310 4078 carimde
1327 4024 1360 4077 in
1377 4024 1402 4077 ei

256 4115 392 4164 ructatum
412 4108 447 4176 C,-
465 4109 523 4164 eie
631 4111 663 4164 16
684 4109 789 4179 quode
885 4111 920 4166 20
940 4109 1059 4166 uenisset
1076 4109 1404 4182 L²n0aeeepacr

254 4198 367 4265 Domb.;
386 4199 494 4252 ueniret
511 4197 599 4266 L¹qe
654 4201 801 4253 reuersus
820 4215 904 4254 om.e
963 4200 1044 4269 qnod,
1064 4199 1081 4254 d
1099 4217 1133 4254 m.
1152 4203 1257 4265 ree.,A
1314 4202 1348 4256 27
1367 4201 1399 4255 ab

254 4285 432 4340 hunnibelee
486 4286 520 4340 28
539 4287 740 4357 pulcritudoG
