3136 4934
368 467 418 520 De
447 467 620 522 ciuitate
649 465 711 521 dei
738 467 802 523 lib.
827 467 901 521 VIII.
930 483 1004 537 cap.
1031 469 1072 522 12.
1224 469 1289 534 373

144 681 262 740 aerem;
305 660 388 726 unde
424 663 555 744 putatur
592 661 639 726 sio
675 659 872 725 intellexisse
915 659 998 743 quod
1033 660 1188 743 scriptum
1225 665 1287 725 est:

144 767 326 850 spiritus
349 767 422 832 Dei
456 766 796 849 superferebatur
829 785 951 848 super
982 783 1130 848 aquam.
1173 765 1289 831 Parum

143 875 261 958 quippe
299 873 470 938 adtendens
508 892 570 956 quo
601 891 689 938 more
722 872 823 937 soleat
854 871 911 936 illa
943 872 1100 954 scriptura
1132 873 1290 955 appellare

141 981 292 1064 spiritum
316 980 385 1057 Dei,
410 981 558 1062 quoniam
582 982 614 1044 et
638 998 690 1044 aer
713 979 845 1062 spiritus
869 978 994 1057 dicitur,
1015 981 1165 1060 quattuor
1184 979 1290 1060 opino-

106 1091 196 1152 stus
222 1087 379 1152 elementa
406 1087 476 1151 loco
504 1086 560 1150 illo
594 1089 843 1152 commemorata
873 1084 976 1150 uideri
1007 1087 1122 1168 potest
1167 1085 1290 1149 Deinde

141 1194 228 1275 quod
253 1193 343 1258 Plato
367 1192 445 1257 dicit
467 1197 641 1257 amatorem
663 1191 724 1257 Dei
757 1211 827 1256 esse
860 1191 1098 1275 philosophum,
1131 1191 1211 1255 nihil
1243 1191 1290 1256 sic

139 1299 207 1364 illis
246 1299 345 1364 sacris
380 1299 497 1364 litteris
535 1297 659 1383 flagrem
694 1301 726 1364 et
757 1299 891 1363 maxime
924 1297 1006 1363 illud
1043 1297 1142 1382 (quod
1175 1301 1207 1362 et
1237 1317 1289 1364 me

138 1407 317 1490 plurimum
359 1405 498 1484 adducit,
539 1409 576 1470 ut
617 1423 715 1488 paene
757 1405 916 1470 adsentiar
956 1405 1121 1470 Platonem
1161 1404 1289 1470 illorum

138 1511 296 1576 librorum
321 1513 478 1594 expertem
503 1530 563 1576 non
582 1509 707 1594 luisse),
728 1511 822 1593 quod,
843 1528 915 1576 cum
934 1511 973 1575 ad
993 1515 1138 1577 sanctum
1157 1511 1289 1594 Moysen

93 1645 119 1684 ιο
137 1619 187 1682 ita
209 1618 310 1682 uerba
333 1617 393 1682 Dei
415 1637 472 1700 pe1·
495 1617 644 1701 angelum
667 1618 873 1700 perferantur,
898 1621 933 1682 ut
957 1619 1120 1700 quaerenti
1143 1618 1227 1701 quod
1247 1618 1291 1682 sit

138 1745 255 1790 nomen
268 1725 348 1800 eius,
360 1725 414 1808 qui
426 1743 497 1788 eum
513 1743 643 1807 pergere
658 1723 874 1807 praecipiebat
888 1723 927 1788 ad
939 1727 1094 1808 populum
1108 1725 1289 1790 Hebraeum

138 1851 175 1896 ex
199 1831 348 1915 Aegypto
373 1830 581 1909 liberandum,
605 1829 847 1913 respondeatur:
881 1829 962 1914 Ilgc
987 1849 1071 1894 sum
1096 1831 1164 1913 qui
1192 1850 1288 1906 sirm,

138 1939 320 2002 ecdicos
344 1936 455 2002 filiis
478 1936 624 2002 Israel:
663 1935 738 2018 Qui
767 1940 839 2011 est,
878 1936 992 2000 misit
1028 1957 1085 2001 me
1119 1937 1165 2002 ad
1204 1957 1288 2010 uos,

138 2049 306 2127 tamquam
335 2045 365 2108 in
395 2044 463 2108 eius
492 2043 723 2127 conparatione,
747 2043 802 2126 qui
824 2062 898 2108 nera
929 2046 978 2108 est
1010 2044 1084 2126 quia
1114 2043 1290 2110 incommu-

92 2151 249 2216 natabilis
275 2155 334 2226 est,
360 2170 396 2215 ea
420 2169 499 2233 quae
522 2150 690 2215 mutabilia
712 2151 798 2215 facta
817 2153 891 2214 sunt
909 2169 970 2214 non
990 2149 1063 2228 sint,
1085 2150 1291 2216 uehementer

136 2258 197 2324 hoc
222 2259 318 2324 Plato
347 2258 452 2322 tenuit
480 2261 511 2323 et
540 2257 786 2340 diligentissime
819 2257 1064 2322 commendauit.
1109 2257 1151 2322 llt
1181 2257 1288 2322 nescio

136 2371 248 2430 utrum
271 2365 331 2429 hoc
350 2364 474 2447 uspiam
490 2364 664 2446 reperiatur
678 2363 709 2427 in
725 2363 814 2428 libris
830 2382 949 2440 eorum,
966 2363 1019 2444 qui
1035 2367 1107 2428 ante
1121 2363 1287 2429 Platonem

136 2473 282 2548 fuerunt,
306 2471 368 2536 nisi
391 2469 446 2534 ubi
470 2469 592 2534 dictum
617 2473 680 2534 est:
704 2469 784 2553 Ego
809 2487 894 2535 sum
914 2470 981 2552 qui
1001 2489 1095 2546 eum,
1115 2473 1154 2534 et
1173 2470 1286 2536 dices

137 2580 215 2644 eis:
242 2576 320 2658 Qui
344 2580 415 2654 est,
440 2576 556 2642 misit
579 2595 635 2640 me
659 2575 705 2640 ad
728 2595 813 2640 uos.

91 2799 117 2840 ao
603 2767 739 2834 CAPU'I
762 2769 833 2832 XII.

137 2911 257 2991 Quod
282 2912 403 2976 etiam
426 2909 646 2988 Platonici,
670 2910 773 2974 licet
796 2909 842 2976 de
865 2929 940 2975 uno
966 2929 1058 2976 uero
1078 2911 1158 2976 Deo
1183 2912 1286 2976 bene

136 3017 363 3094 senserint,
396 3016 541 3081 multis
575 3019 706 3080 tamen
738 3014 800 3079 dis
836 3033 949 3079 sacra
981 3015 1169 3081 facienda
1203 3035 1287 3082 cen-

631 3122 800 3186 suerint.

182 3263 248 3332 Sed
273 3263 493 3346 undccumque
517 3264 571 3329 ille
590 3263 653 3327 ista
672 3263 826 3343 didicerit,
848 3263 916 3328 siue
935 3261 1193 3346 praecedentibus
1215 3285 1287 3330 eum

91 3401 116 3442 :a
137 3377 287 3438 ueterum
310 3370 400 3435 libris
425 3371 494 3435 siue
517 3371 636 3453 potius,
662 3389 722 3454 quo
747 3370 840 3435 modo
875 3370 953 3435 dicit
985 3369 1159 3454 apostolus,
1194 3373 1288 3455 quia

136 3478 246 3562 quod
271 3481 407 3542 notum
432 3479 497 3542 est
515 3477 589 3541 Dei
612 3475 876 3542 manifestum
901 3481 963 3542 est
987 3477 1025 3540 in
1049 3477 1153 3556 illis3
1179 3479 1286 3544 Deus

233 3670 266 3723 12
284 3668 368 3724 Exed.
388 3671 413 3732 3,
433 3670 468 3723 14
540 3668 616 3722 Rom.
637 3669 661 3732 1,
683 3669 715 3722 19
734 3684 773 3738 sq.

170 3786 317 3885 3111111
372 3829 511 3898 Ietaer]
533 3828 643 3883 &herd
715 3831 743 3882 et
766 3829 863 3884 om.O
933 3845 1073 3892 uer,am.
1094 3829 1244 3894 atores,
1267 3829 1290 3882 (1¹

136 3929 305 4002 dffeelem.
326 3962 345 3998 a
416 3944 500 4016 dsie]
521 3945 589 3998 sits
661 3945 724 3998 Iin
742 3945 832 4000 illiso
903 3943 1043 4014 fragratq
1106 3909 1290 3998 sscitant*

138 4037 170 4090 12
191 4032 448 4104 respondeasturo
516 4033 548 4088 13
567 4033 711 4090 israhelO
781 4033 864 4096 misit,
883 4033 907 4086 it
923 4050 983 4102 cup.
1004 4031 1105 4098 ztn.,0
1173 4033 1205 4086 14
1225 4035 1289 4102 quia

136 4167 161 4212 et
180 4163 307 4227 estpost
324 4157 575 4212 incommut.cm.s
631 4158 663 4210 15
683 4161 712 4211 et
731 4173 791 4212 eae
863 4157 1091 4211 commutabiliaa
1148 4157 1180 4209 16
1200 4132 1231 4210 nt
1250 4159 1286 4210 et.

134 4259 400 4353 itineratione
455 4281 488 4336 18
507 4281 639 4336 fuerints
696 4283 728 4336 19
748 4283 786 4336 eis
806 4298 856 4338 cor.
873 4281 903 4336 a¹
958 4283 993 4336 24
1011 4281 1065 4336 ista
1083 4277 1289 4346 1111111011,-

135 4371 183 4426 illa
204 4369 291 4424 ister
