3136 4928
375 447 425 501 De
454 446 626 502 ciuitate
655 447 716 502 dei
743 449 809 504 lib.
836 449 869 508 X.
898 467 972 521 cap.
1002 451 1042 506 16.
1215 457 1280 520 473

133 641 355 708 felicissimum
381 641 493 706 dicere.
519 642 597 708 Cum
623 663 696 728 ergo
722 644 760 708 ad
783 646 868 710 burne
891 665 988 710 uuum
1013 646 1139 729 quidam
1166 647 1280 730 angeli.

135 748 264 830 quidam
289 768 364 815 uero
389 749 427 813 ad
457 768 491 814 so
523 750 611 832 ipsos
641 751 734 815 latria
766 753 914 818 colendos
948 753 1047 836 signis
1081 753 1280 818 mirabilibus

135 856 284 932 excitent,
308 859 340 920 et
362 855 423 921 boc
445 857 500 932 ita,
524 863 561 920 ut
584 857 631 920 illi
656 857 737 923 istos
765 859 826 923 coli
855 859 1052 941 prohibeant,
1085 860 1140 924 isti
1174 864 1279 924 autem

134 961 224 1024 iilum
250 961 416 1044 prohibere
440 981 501 1026 non
531 961 680 1027 audeant:
715 963 831 1044 quibus
863 965 971 1046 potius
1005 964 1048 1028 sit
1080 963 1280 1035 credendum,

103 1068 346 1150 srespondeant
382 1067 548 1148 Platonici,
596 1069 806 1150 respondeant
852 1071 1044 1153 quicumque
1089 1071 1281 1155 philosophi,

134 1175 346 1256 respondeant
368 1173 494 1258 theurgi
518 1175 571 1239 uel
594 1175 702 1257 potius
722 1177 874 1260 periurgi3
896 1176 955 1242 boc
975 1177 1056 1240 enim
1078 1181 1153 1242 sunt
1172 1195 1280 1241 omnes

133 1281 206 1346 illae
232 1285 315 1344 artes
339 1280 495 1346 uocabulo
521 1281 693 1364 digniorem
717 1285 878 1365 postremo
898 1283 1109 1366 respondeant
1126 1282 1280 1354 homines,

136 1389 162 1452 si
187 1389 275 1452 ullus
300 1391 429 1452 naturae
454 1407 531 1452 suas
555 1405 678 1465 seusun,
704 1388 788 1470 quod
812 1387 981 1454 rationales
1007 1389 1103 1454 creati
1131 1392 1216 1466 sunt,
1246 1407 1281 1452 en

135 1493 241 1574 aliqua
264 1498 353 1576 parte
378 1493 462 1557 uiuit
484 1493 515 1556 in
540 1493 600 1570 eis3
633 1493 853 1576 respondeant,
877 1494 1018 1578 inquam,
1047 1495 1133 1559 eisne
1165 1492 1281 1557 sacrifi·

92 1623 115 1662 ro
134 1599 270 1664 candum
295 1599 338 1664 sit
361 1599 409 1664 dis
433 1602 485 1664 uel
510 1601 642 1684 angelis,
668 1601 722 1682 qui
746 1601 808 1665 sibi
832 1601 1001 1666 sacrificari
1024 1601 1144 1677 iubent,
1169 1619 1207 1664 an
1232 1599 1280 1663 illi

133 1707 199 1784 noi,
226 1706 278 1770 cui
301 1705 414 1771 iubent
436 1705 469 1771 hi
493 1706 548 1787 qui
572 1709 603 1770 et
626 1707 687 1772 sibi
712 1711 744 1772 et
765 1707 838 1774 istis
862 1708 1051 1790 prohibent?
1085 1707 1118 1772 Si
1146 1725 1203 1770 nec
1225 1705 1280 1770 isti

132 1833 190 1878 nec
214 1812 264 1877 illi
287 1813 352 1876 ralla
376 1813 529 1878 miracula
552 1813 701 1890 facerent,
726 1815 781 1878 sed
810 1817 935 1880 tantum
967 1815 1193 1899 praeciperent,
1227 1813 1281 1877 aiii

134 1920 263 2001 quidem
288 1923 325 1983 ut
347 1920 408 1986 sibi
432 1919 672 1999 sacrificaretur,
697 1921 750 1985 alii
778 1941 853 1988 uero
885 1921 919 1986 id
952 1925 1105 1998 natarent,
1138 1920 1194 1984 sed
1226 1919 1281 1983 uni

132 2029 259 2091 tantum
282 2026 427 2090 iuberent
450 2027 532 2090 Deo:
553 2027 631 2090 satis
647 2027 774 2091 deberet
791 2027 893 2110 pietas
911 2029 982 2110 ipsa
1000 2028 1184 2102 discernere,
1205 2025 1280 2108 qnid

92 2157 115 2196 a
131 2133 247 2198 horum
272 2132 309 2197 de
333 2133 419 2198 tastu
444 2133 620 2214 superbiae,
645 2133 721 2216 quid
742 2133 779 2196 de
799 2153 875 2198 uera
893 2135 1046 2219 religione
1066 2132 1280 2198 descenderet.

132 2239 213 2304 Plus
238 2240 334 2305 etiam
359 2239 476 2304 dicam:
507 2239 533 2303 si
557 2241 682 2304 tantum
706 2240 740 2304 hi
767 2240 967 2305 mirabilibus
1000 2240 1093 2306 factis
1125 2240 1280 2303 humanas

133 2345 256 2409 animas
279 2347 508 2426 permonerent,
533 2345 587 2427 qui
613 2343 767 2410 sacrificia
795 2345 857 2410 sibi
890 2349 1049 2429 expetunt,
1082 2346 1130 2410 illi
1162 2349 1279 2420 autern,

134 2452 189 2533 qui
212 2451 274 2515 hoc
296 2451 464 2534 prohibent
483 2454 516 2516 et
534 2452 588 2516 uni
607 2456 731 2516 tantum
751 2452 818 2518 Deo
839 2453 1008 2518 sacrificari
1025 2452 1146 2530 iubent,
1166 2470 1280 2534 nequa·

134 2577 229 2640 quam
254 2558 318 2655 ista
340 2558 481 2622 nisibilia
504 2558 656 2623 miracula
678 2559 782 2623 facere
806 2559 1024 2644 dignarentur:
1053 2557 1194 2641 proiecto
1218 2577 1278 2621 non

91 2688 116 2728 m
135 2683 232 2728 sensu
256 2663 406 2746 corporis,
432 2664 488 2728 sed
511 2665 632 2729 ratione
656 2666 771 2730 mentis
804 2666 1023 2750 praeponenda
1055 2684 1163 2729 eorum
1196 2669 1282 2728 essct

135 2771 319 2836 auctoritas.
345 2771 425 2836 Cum
450 2790 525 2836 uero
549 2773 636 2836 Dens
660 2771 694 2835 id
713 2772 813 2856 egerit
832 2772 871 2836 ad
890 2769 1137 2836 commendanda
1156 2770 1281 2852 eloquia

134 2877 281 2942 ueritatis
305 2896 393 2955 suae,
416 2879 454 2942 ut
476 2897 532 2961 per
549 2877 630 2943 istos
649 2878 834 2943 inmortales
853 2877 980 2943 nuutios
1000 2896 1060 2941 nou
1080 2877 1130 2941 sui
1150 2877 1279 2951 fastum,

135 2983 191 3048 sed
219 2983 420 3049 maiestatem
453 2984 541 3049 illius
573 2984 792 3066 praedicantes
825 2985 943 3049 faceret
974 2985 1103 3061 maiora,
1136 2982 1279 3059 certiora,

136 3090 267 3155 clariora
290 3090 453 3170 miracula,
477 3111 515 3156 ne
539 3091 671 3156 infirmis
696 3091 757 3174 piis
781 3091 840 3167 illi,
870 3091 924 3173 qui
953 3090 1105 3156 sacrificia
1137 3088 1200 3153 sibi
1232 3107 1279 3152 en-

90 3199 259 3278 repetunt,
282 3198 395 3263 falsam
420 3199 606 3283 religionem
632 3197 756 3262 facilius
781 3197 1014 3281 persuaderent,
1040 3216 1075 3262 eo
1101 3194 1182 3280 quod
1213 3214 1279 3258 sen-

136 3305 224 3368 sibus
248 3323 357 3369 eorum
381 3306 532 3385 quaedam
559 3304 713 3386 stupenda
731 3308 956 3371 monstrarent:
977 3323 1069 3386 quem
1090 3302 1217 3367 tandem
1235 3302 1281 3366 ita

227 3511 238 3562 l
259 3508 327 3563 Eun.
347 3509 369 3573 I,
388 3512 414 3576 6,
434 3512 448 3564 7

172 3634 289 3688 lunum
309 3651 393 3688 oras
465 3635 619 3704 3prohib.]
640 3635 841 3704 praecipiente
908 3635 1082 3704 dperteurgi
1102 3653 1133 3704 a;
1151 3637 1279 3706 pertergi,

132 3724 164 3776 ia
182 3724 480 3793 marptperiurgib
558 3724 621 3777 illae
641 3740 768 3778 omnesv
839 3725 939 3778 8suae
959 3740 1070 3792 om.ps
1140 3724 1196 3778 illis
1215 3729 1281 3778 onte

134 3813 495 3881 seusussuperseraptumc
577 3812 649 3882 quod
669 3813 1067 3882 belpsabeomb.;quo
1088 3829 1130 3867 av
1203 3817 1279 3867 ater

134 3901 221 3955 aliae
294 3903 324 3955 11
350 3902 627 3956 necilliuecistio
701 3903 733 3956 13
756 3901 785 3954 id
804 3917 855 3956 om.
876 3901 895 3954 11
972 3903 1005 3956 15
1028 3901 1158 3970 religione
1178 3917 1229 3956 om.
1250 3903 1278 3955 a¹

135 3991 167 4044 16
186 3990 216 4044 bi
234 4007 285 4044 om.
302 3990 409 4060 ao¹ps
465 3993 497 4046 17
518 3992 620 4044 animas
641 3995 829 4060 permanerent
848 3991 1019 4059 clpantf
1031 3989 1157 4056 Domb.²‚·
1175 3996 1279 4044 mentes

132 4082 325 4148 promouerent
338 4097 370 4145 a;
383 4083 574 4148 promouerent
587 4081 692 4132 mentes
707 4079 859 4146 bDomb.¹,·
873 4095 990 4148 pennen.
1001 4081 1105 4132 mentes
1118 4096 1134 4132 o
1170 4079 1205 4134 20
1219 4096 1278 4148 pro-

131 4167 291 4239 ponendae
345 4169 379 4222 22
398 4186 450 4222 uon
471 4185 547 4222 suurn
567 4167 667 4236 factum
687 4184 715 4234 s;
734 4185 787 4222 uon
807 4185 857 4222 sua
874 4169 955 4234 facta,
969 4168 1000 4221 sis
1018 4184 1103 4237 marp.
1119 4168 1155 4221 11.
1170 4185 1222 4222 uon
1238 4169 1279 4222 sni

132 4255 243 4322 fastu'm,
265 4257 294 4326 b;
313 4274 366 4311 non
386 4274 434 4313 sna
452 4245 561 4312 nomina
580 4259 621 4311 sui
641 4257 713 4311 fastu
733 4275 752 4313 a
815 4259 850 4312 24
869 4259 921 4326 piis
940 4275 990 4312 om.
1012 4274 1030 4312 a
1103 4261 1231 4327 expetant
1249 4257 1278 4325 b,·

133 4349 323 4415 exspectante
