3072 4928
269 421 330 482 132
612 417 637 470 S.
666 415 822 469 Aurelii
849 415 1070 485 August-ini

267 612 459 696 Capitolium
489 601 664 678 struxitet
691 615 802 696 postea
829 611 922 677 malis
950 612 1071 676 meritis
1096 613 1181 678 Urbe
1208 613 1325 696 pulsus
1355 625 1412 679 est.

267 721 324 784 sed
348 719 515 802 adipsum
538 739 684 804 reguum,
707 721 738 783 in
764 738 825 802 quo
851 717 1044 800 Capitolium
1068 719 1246 795 fabricaret,
1265 720 1412 784 inmanis-

266 827 340 891 simi
374 827 502 892 soeleris
536 826 766 910 perpetratione
794 827 950 909 peruenit.
993 823 1084 904 Quod
1113 845 1187 890 uero
1217 845 1290 892 eum
1319 845 1411 910 regno

265 935 400 1000 Romani
427 937 537 1018 postea
565 935 754 1019 depulerunt
783 953 819 998 ac
847 933 1048 999 secluserunt
1070 934 1236 999 moenibus
1262 933 1411 1012 ciuitatis,

265 1061 327 1106 non
355 1041 457 1124 ipsius
486 1042 523 1106 de
552 1041 716 1106 Lucretiae
746 1046 867 1123 stupro,
896 1041 950 1105 sed
979 1039 1037 1104 filii
1063 1043 1232 1123 peccatum
1265 1041 1329 1105 fuit
1358 1041 1410 1105 illo
1438 1065 1447 1101 s

265 1169 325 1213 non
350 1151 454 1215 solum
478 1149 649 1225 nesciente,
675 1148 730 1212 sed
755 1148 851 1212 etiam
875 1148 1005 1212 absente
1029 1149 1247 1214 commissum.
1277 1149 1410 1214 Ardeam

265 1257 430 1320 ciuitatem
445 1259 522 1320 tunc
538 1256 752 1340 obpugnabat,
767 1274 822 1338 pro
839 1256 957 1338 populo
973 1256 1113 1322 Romano
1127 1255 1248 1321 bellurn
1269 1257 1410 1339 gerebat:

265 1363 425 1427 nescimus
464 1361 539 1444 quid
576 1363 703 1437 facerat,
738 1361 765 1424 si
797 1360 835 1425 ad
873 1361 941 1425 cius
979 1361 1124 1426 notitiam
1161 1361 1319 1445 flagitium
1356 1362 1411 1426 filii

265 1468 451 1544 deformium
482 1471 514 1532 et
541 1471 646 1532 tamen
675 1469 868 1548 inexplorato
896 1467 1015 1532 iudicio
1044 1469 1113 1532 eius
1142 1470 1174 1532 et
1200 1469 1360 1550 inexperto
1381 1469 1409 1532 ei

264 1578 402 1660 populus
432 1575 551 1639 ademit
578 1575 747 1658 imperium
776 1577 809 1638 et
834 1578 961 1656 recepto
992 1575 1139 1652 exercitu,
1169 1593 1187 1638 a
1215 1593 1277 1656 quo
1313 1576 1409 1639 deseri
1428 1600 1447 1636 n

264 1683 373 1748 iussus
402 1685 461 1756 est,
486 1681 604 1746 clausis
628 1681 739 1745 deinde
762 1679 862 1762 portis
887 1699 947 1744 non
972 1681 1050 1745 sinit
1072 1681 1188 1745 intrare
1215 1681 1407 1746 redeuntem.

264 1792 307 1854 At
329 1790 383 1854 ille
407 1792 481 1872 post
504 1789 587 1852 bella
611 1788 811 1871 grauissima,
836 1787 951 1868 quibus
976 1787 1104 1853 eosdem
1127 1788 1285 1854 Romanos
1312 1791 1408 1853 conci·

263 1897 340 1961 tatis
368 1895 511 1959 finitimis
540 1894 681 1970 ciminii,
705 1897 817 1976 postea
844 1913 936 1976 quam
967 1893 1110 1959 desertus
1139 1894 1178 1958 ab
1207 1895 1252 1958 eis
1278 1913 1408 1977 quorum

264 2003 382 2067 fidebat
405 2001 519 2066 auxilio
543 2021 675 2084 regnum
698 2001 836 2082 recipere
855 2021 916 2066 non
936 2001 1065 2079 eualuit,
1085 2001 1116 2065 in
1137 2000 1251 2084 oppido
1271 2001 1408 2067 Tusculo

263 2109 382 2174 Romae
406 2109 511 2173 uicino
537 2107 798 2191 quattuordecim,
822 2111 859 2171 ut·
882 2107 990 2184 fertur,
1010 2126 1106 2172 annos
1129 2106 1285 2190 priuatam
1312 2109 1408 2172 uitam
1426 2133 1445 2170 a

264 2215 392 2298 quietus
420 2214 533 2278 habuit
560 2219 592 2278 et
620 2233 693 2278 cum
720 2232 815 2278 uxore
843 2213 1018 2287 consenuit,
1047 2213 1232 2296 optabiliore
1265 2214 1407 2279 fortassis

264 2322 349 2386 exitu
387 2338 481 2402 quam
519 2338 608 2386 socer
645 2321 724 2397 eius,
758 2321 862 2405 generi
900 2319 950 2383 sui
982 2320 1119 2384 facinore
1156 2339 1213 2384 nec
1244 2321 1407 2404 ignorante

263 2426 337 2502 filia,
358 2425 442 2489 sicut
463 2426 656 2508 perhibetur,
677 2426 843 2490 extinctae.
868 2425 934 2490 Nec
958 2430 1062 2490 tamen
1086 2426 1183 2489 istum
1204 2425 1407 2509 Tarquinium

264 2533 398 2597 Romani
422 2532 581 2596 crudelem
600 2535 656 2598 aut
674 2532 873 2610 sceleratum,
894 2533 949 2598 sed
968 2533 1140 2615 superbum
1159 2534 1406 2616 appellauerunt.

261 2639 396 2703 sortasse
424 2638 528 2722 regios
558 2635 625 2703 eius
654 2639 755 2703 fastus
784 2638 845 2702 alia
873 2639 1020 2721 superbia
1049 2658 1108 2702 non
1137 2639 1284 2704 ferentes.
1326 2639 1405 2703 Nam
1423 2668 1444 2704 u

263 2745 367 2808 scelus
396 2745 493 2808 occisi
522 2745 559 2808 ab
590 2763 625 2810 eo
655 2744 755 2808 soceri
784 2746 895 2827 optimi
923 2745 1006 2828 regis
1036 2745 1086 2809 sni
1109 2764 1210 2826 usque
1235 2745 1312 2809 adeo
1337 2763 1406 2809 con-

262 2851 446 2927 temserunt,
470 2854 507 2914 ut
538 2861 610 2915 eum
637 2871 744 2935 regem
774 2869 867 2914 suum
891 2853 1043 2927 facerent;
1074 2852 1129 2916 nbi
1156 2851 1262 2930 miror,
1291 2851 1404 2918 sinon

263 2959 380 3022 scelere
410 2958 554 3040 grauiore
583 2957 758 3022 mercedem
786 2961 907 3021 tantam
935 2961 1022 3022 tanto
1052 2959 1163 3024 sceleri
1195 2958 1404 3022 reddiderunt.

261 3063 329 3128 Nec
348 3064 532 3128 ‘discessere
556 3064 658 3147 adytis
684 3064 809 3146 arisque
833 3064 951 3129 relictis
977 3065 1028 3128 di'.
1052 3065 1123 3128 Nisi
1146 3065 1227 3132 sorte
1251 3064 1404 3148 quispiam

262 3169 308 3234 sic
337 3170 482 3236 defendat
510 3172 589 3234 istos
619 3170 704 3249 deos,
733 3174 770 3234 ut
799 3171 883 3234 dicat
912 3191 965 3235 eos
993 3171 1063 3236 ideo
1094 3172 1249 3236 mansisse
1278 3172 1443 3240 Romaene

262 3295 324 3357 quo
347 3275 471 3358 possint
495 3275 597 3359 magis
621 3275 777 3340 Romanos
801 3278 911 3359 punire
936 3277 1101 3360 suppliciis
1126 3295 1219 3361 quam
1243 3279 1402 3343 beneficiis

299 3588 550 3642 linstrurithc
603 3589 753 3643 3Romani
771 3607 890 3660 regnos·
945 3593 1032 3646 bnon
1052 3608 1113 3660 sup.
1134 3592 1223 3646 liraL
1278 3559 1405 3646 ardoini?

262 3681 276 3731 7
297 3683 327 3731 tn
343 3678 371 3730 b1
444 3680 486 3758 et,
499 3679 573 3746 quod
592 3683 656 3732 nocie
675 3696 722 3748 pro
741 3697 803 3748 pop.
824 3681 854 3732 R.
874 3681 958 3750 sculpo
973 3681 1071 3744 editur,
1087 3697 1138 3734 ona
1153 3681 1211 3734 La
1226 3681 1275 3734 Ca
1286 3683 1302 3735 b
1314 3682 1402 3749 (ἱερῇ

260 3784 308 3837 pro
338 3772 403 3820 unte
430 3783 491 3836 pao.
516 3770 562 3831 (=
581 3767 680 3835 populo
709 3767 842 3833 Romano)
867 3783 917 3822 ona.
938 3769 1053 3822 le¹C¹
1144 3771 1160 3823 9
1189 3771 1247 3823 cius
1273 3769 1402 3824 iudicior

263 3883 295 3936 10
314 3899 330 3936 a
348 3898 408 3951 sup.
429 3883 477 3936 lin.
500 3881 523 3934 C
576 3884 606 3936 ll
629 3881 709 3936 nilus.
728 3884 862 3953 inanarp.
882 3902 916 3938 na.
936 3884 1063 3948 aiulfus,
1084 3885 1106 3938 C
1167 3887 1197 3938 11
1218 3851 1401 3939 intraiiedenn·

260 3969 361 4023 temL
435 3972 467 4024 14
486 3971 574 4023 ualuit
595 3969 627 4023 0¹
702 3971 733 4023 15
754 3971 830 4024 annis
850 3972 885 4024 Al
959 3973 991 4026 16
1011 3973 1250 4042 optauilioreLll
1308 3975 1341 4028 19
1360 3971 1401 4025 sed

259 4076 319 4127 sup.
340 4059 389 4112 lin.
408 4061 435 4113 L
490 4061 524 4112 20
543 4059 657 4114 fortasse
676 4059 916 4129 LdCabepq5
937 4059 1060 4114 fortassis
1079 4077 1094 4114 o
1113 4061 1211 4115 Doncb.
1304 4063 1401 4125 fasltns.

255 4149 546 4216 priussinras.,C
634 4149 759 4217 superuia
778 4148 804 4200 L
876 4150 1039 4217 25r01nae,
1059 4167 1075 4202 n
1096 4151 1219 4209 eras..L
1306 4152 1402 4205 Romae

261 4237 504 4305 quoposs.om.d
558 4237 1246 4308 26possintLllOp;possentabeqcDomb.
1321 4241 1402 4308 nragis

258 4325 335 4378 Rom.
355 4325 414 4378 Ln
426 4325 488 4392 Cpr:
506 4327 582 4380 Rom.
602 4327 689 4394 magis
709 4327 767 4380 rell.
786 4344 802 4380 e
821 4327 920 4380 Donat).
