3108 4926
344 447 394 502 De
423 447 1097 522 111111111ᾶοί111.1111.ο1111.19.20.
1226 453 1290 516 329

135 644 284 708 uanitate
310 643 385 726 quid
410 663 489 726 opus
514 646 563 708 est
585 645 676 727 plara
700 643 824 709 dicere?
862 645 931 710 Hoc
955 647 1063 730 potius
1088 647 1290 712 aduertamus

135 750 243 832 adque
278 752 453 828 teneamus,
481 751 538 814 bas
570 751 845 833 interpretationes
879 771 940 816 nen
974 753 1082 817 referri
1114 753 1152 816 ad
1186 753 1290 816 Deum

134 877 263 935 uerum,
297 858 416 932 uiuam,
447 857 662 940 incorpoream
695 857 1052 942 incommutabilemque
1084 863 1239 936 naturam,
1274 877 1291 922 a

136 981 201 1046 quo
231 964 301 1028 uita
327 963 359 1026 in
387 969 551 1028 aeternum
580 964 672 1028 beata
704 965 862 1046 poscenda
895 970 957 1042 est;
992 966 1048 1030 sed
1081 986 1187 1031 earum
1222 985 1291 1030 esse

105 1069 218 1134 clines
247 1071 279 1133 in
309 1069 402 1133 rebus
432 1070 659 1153 corporalibus,
686 1071 928 1153 temporalibus,
953 1072 1161 1137 mutabilibus
1191 1072 1291 1154 adque

135 1175 342 1240 mortalibus.
379 1173 483 1254 ‘Quod
508 1175 648 1254 Caelum,
672 1176 786 1258 inquit,
810 1181 931 1259 patrem
957 1177 1110 1242 Saturnus
1136 1181 1291 1243 castrasse

135 1283 168 1346 in
200 1283 320 1346 fabulis
350 1282 476 1360 dicitur,
500 1283 561 1347 boo
590 1283 748 1366 significat
774 1303 870 1367 penes
900 1284 1081 1364 Saturnum,
1106 1305 1167 1349 non
1195 1303 1291 1366 penes

137 1389 273 1454 Caelum
289 1408 394 1454 semen
416 1408 486 1454 esse
507 1389 671 1457 diuinum.
695 1391 765 1454 Hoc
783 1393 958 1474 propterea,
974 1394 1127 1475 quantum
1147 1391 1293 1474 intellegi

138 1494 244 1574 datar,
271 1497 345 1578 quia
371 1495 452 1559 nibil
480 1496 512 1560 in
542 1497 628 1561 caelo
659 1496 695 1560 de
725 1499 901 1562 seminibus
929 1499 1081 1562 nascitur.
1120 1497 1183 1562 Sed
1207 1515 1290 1572 ecce,

93 1630 118 1669 re
139 1599 301 1666 Saturnus
326 1601 353 1665 si
374 1600 461 1667 Caeli
487 1605 536 1667 est
557 1601 653 1678 filius,
673 1602 760 1666 lonis
780 1604 829 1666 est
847 1603 944 1668 filine.
969 1601 1099 1668 Caelum
1119 1603 1201 1667 enirn
1222 1621 1292 1666 esse

137 1707 252 1772 Iouem
280 1707 552 1772 innumerabiliter
580 1712 612 1771 et
635 1707 804 1792 diligenter
828 1708 1003 1772 adfirmant.
1041 1709 1091 1773 Ita
1113 1708 1186 1786 ista,
1212 1729 1292 1792 quae

138 1833 156 1876 a
180 1815 320 1879 ueritate
343 1833 402 1879 non
427 1815 569 1892 ueniunt,
594 1815 779 1897 plerumque
803 1817 836 1879 et
859 1815 946 1880 nullo
971 1815 1141 1898 inpellente
1165 1835 1199 1879 se
1222 1815 1293 1899 ipsa

139 1921 344 1987 subuertunt.
383 1921 528 1986 Chronos
552 1919 744 2004 appellatum
769 1921 856 1998 dicit,
882 1921 965 2005 quod
991 1919 1110 1986 Graeco
1136 1921 1292 1986 uocabulo

140 2027 304 2110 significat
322 2026 474 2111 temporis
495 2029 646 2110 spatium,
667 2028 734 2092 sine
754 2047 815 2110 quo
836 2047 955 2105 semen,
972 2027 1087 2110 inquit,
1107 2048 1167 2093 non
1187 2031 1295 2110 potest

96 2161 122 2202 15
141 2153 213 2198 esse
243 2133 425 2198 fecundum.
463 2133 550 2197 Haeo
579 2135 611 2198 et
640 2133 700 2197 alia
730 2134 768 2197 de
793 2133 928 2198 Saturno
953 2135 1055 2198 multa
1078 2135 1236 2210 dicuntur,
1262 2137 1294 2196 et

141 2240 181 2305 ad
212 2259 321 2304 semen
350 2240 454 2304 omnia
481 2241 669 2306 referuntur.
709 2239 771 2304 Sed
799 2241 912 2305 saltem
937 2241 1092 2306 Saturnus
1117 2240 1292 2305 seminibus

142 2365 218 2411 oum
243 2351 331 2411 tanta
349 2348 412 2412 ista
430 2351 588 2430 potestate
608 2347 780 2423 sufficerem
807 2347 883 2430 quid
903 2347 1038 2412 adhaec
1062 2348 1093 2412 di
1119 2348 1173 2412 alii
1192 2347 1294 2430 requi-

139 2459 267 2533 runtur,
287 2455 420 2518 maxime
444 2455 538 2519 Liber
560 2459 591 2518 et
614 2455 736 2532 Libera,
756 2453 790 2518 id
814 2459 863 2518 est
883 2453 997 2519 Ceres?
1020 2455 1067 2518 De
1092 2454 1209 2539 quibus
1228 2475 1294 2518 rur-

141 2581 211 2636 sus
242 2561 326 2643 quod
359 2561 397 2625 ad
430 2579 537 2625 semen
571 2561 701 2638 adtinet,
730 2564 818 2625 tanta
851 2560 938 2640 dicit,
968 2561 1058 2640 euasi
1092 2561 1129 2624 de
1159 2557 1293 2625 Saturno

98 2693 124 2734 so
141 2667 226 2730 nihil
251 2668 371 2732 dixerit.

607 2806 744 2873 CAPUT
767 2805 836 2872 XX.

394 2952 448 3015 De
472 2951 602 3015 sacris
628 2949 788 3016 Cereris
812 2950 1043 3015 Eleusinae.

190 3095 225 3158 ln
256 3091 377 3158 Cereris
411 3096 516 3156 autem
549 3093 647 3157 sacris
681 3091 900 3175 praedicantur
931 3093 988 3155 illa
1014 3091 1187 3169 Eleusinia,
1216 3110 1295 3173 quae

144 3203 225 3285 aput
258 3199 468 3263 Athenienses
498 3199 696 3264 nobilissima
723 3200 860 3264 luerunt.
897 3199 945 3264 De
975 3199 1090 3282 quibus
1122 3197 1183 3262 iste
1216 3197 1295 3262 nihil

101 3328 126 3367 sa
143 3307 381 3390 interpretatur,
412 3305 475 3372 nisi
508 3305 592 3389 quod
625 3305 746 3371 adtinet
778 3307 816 3368 ad
849 3305 1052 3380 frumentum,
1083 3303 1166 3388 quod
1200 3303 1295 3368 Ceres

143 3413 339 3489 muscitet
367 3412 405 3476 ad
428 3412 661 3495 Proserpinam,
685 3432 780 3495 quam
807 3412 948 3494 rapiente
973 3409 1054 3476 Orco
1082 3410 1234 3494 perdidit3
1264 3415 1296 3474 et

145 3522 227 3586 bane
251 3519 354 3601 ipsam
379 3519 457 3584 dicit
480 3519 657 3604 significare
681 3519 909 3583 fecunditatem
928 3518 1097 3598 seminum;
1124 3536 1295 3600 quaecum

147 3630 306 3694 defuisset
330 3627 465 3709 quodam
488 3631 630 3708 tempore
655 3625 827 3708 eademque
848 3624 1015 3689 sterilitate
1032 3626 1116 3688 terra
1134 3629 1296 3698 maereret,

147 3741 287 3802 exortam
322 3753 390 3798 esse
423 3733 613 3814 opinionem,
643 3731 727 3813 quod
759 3732 857 3795 liliam
886 3729 1018 3806 Cereris,
1046 3731 1080 3794 id
1113 3734 1162 3794 est
1193 3731 1295 3812 ipsam

105 3865 129 3904 so
147 3842 387 3919 fecunditatem,
404 3859 483 3922 quae
503 3861 521 3904 a
539 3839 750 3922 proserpendo
771 3837 957 3920 Proserpina
976 3837 1062 3901 dicta
1081 3841 1175 3914 esset,
1196 3833 1296 3900 Oreus

183 4047 316 4098 2uerom
335 4039 448 4094 deamo
537 4038 737 4110 4possidenda
757 4059 774 4090 a
865 4040 896 4092 12
917 4055 1035 4093 acme
1125 4037 1157 4090 13
1178 4035 1296 4089 chronon

150 4131 304 4186 Cabdel
307 4147 330 4199 p
340 4129 371 4197 1,·
390 4129 526 4184 choronon
541 4136 577 4196 f‚·
595 4129 729 4197 chyrouon
743 4145 772 4197 q,·
792 4144 890 4180 cronon
907 4146 937 4193 a;
956 4124 1086 4197 llpdaoro
1158 4125 1298 4194 appellant

149 4249 220 4302 diern
241 4245 352 4318 quodq
417 4247 448 4300 l'l
467 4245 661 4316 monsirentur,
681 4245 691 4296 i
709 4259 791 4298 erosa
809 4243 921 4312 syllaba
940 4258 979 4308 ae,
1002 4241 1025 4294 0
1086 4242 1120 4295 23
1140 4207 1254 4295 illcleus.
1277 4239 1300 4292 C

149 4331 289 4419 elbsinae
344 4363 378 4417 26
397 4361 478 4415 borco
498 4359 520 4415 l²
575 4359 609 4413 28
628 4359 775 4414 sterelitc
829 4359 863 4412 29
883 4356 1053 4410 exhortaml
1106 4357 1141 4411 30
1159 4356 1257 4410 boreus
1277 4355 1298 4410 l²
