3136 4934
285 391 349 453 418
627 385 653 438 S.
682 384 837 438 Aurelii
865 383 1084 453 Augustini

286 584 424 648 minibus
448 583 530 647 inter
553 601 587 647 se
612 582 771 646 decertare
794 586 922 665 propter
945 582 1098 660 homines,
1133 601 1213 664 quos
1242 601 1297 664 pro
1327 580 1432 645 studio

285 690 424 772 partium
449 688 587 772 diligunt
613 689 666 752 uel
695 688 838 753 oderunt.
885 687 956 752 Non
984 688 1096 770 procul
1123 691 1229 752 autem
1258 706 1277 750 a
1299 687 1432 750 ueritate

286 796 364 861 dicit
382 797 462 860 hano
487 814 556 860 esso
575 794 746 870 fictionem,
771 794 918 877 quoniam
939 793 1068 860 deorum
1088 793 1239 878 appellati
1258 793 1432 868 uocabulis,

286 902 341 984 qui
365 902 396 966 di
419 922 481 968 non
506 903 589 975 sunt,
621 903 703 966 tales
731 904 836 966 tamen
861 901 1084 966 deseribuntur
1111 899 1290 976 daemones,
1325 901 1431 982 quales

287 991 370 1076 sunt.
405 1010 550 1090 Denique
582 1009 655 1072 hinc
688 1027 757 1073 esse
787 1007 865 1072 dicit
895 1007 1096 1072 Homericam
1127 1009 1214 1072 illam
1243 1007 1432 1080 Mineruam,
1461 1027 1471 1064 r
1541 1001 1542 1040 ³

286 1118 377 1198 ‘quae
411 1115 524 1180 mediis
558 1115 702 1180 coetibus
733 1113 864 1180 Graium
897 1113 1072 1178 cohibendo
1096 1114 1215 1180 Achilli
1243 1114 1434 1180 interuenit?

287 1221 378 1302 Quod
402 1241 476 1306 ergo
500 1221 644 1286 Minerua
666 1222 723 1285 illa
740 1221 846 1298 fuerit,
870 1221 1032 1303 poeticum
1053 1220 1125 1286 uult
1143 1239 1214 1284 esse
1234 1220 1433 1304 figmentum.

287 1348 323 1393 eo
345 1327 429 1410 quod
448 1327 625 1392 Mineruam
646 1327 735 1392 deam
756 1330 849 1410 putat
867 1346 999 1408 eamque
1019 1327 1102 1392 inter
1121 1328 1208 1405 deos,
1228 1346 1307 1410 quos
1328 1346 1433 1392 omnes

285 1436 385 1499 bonos
408 1434 581 1514 beatosque
606 1433 770 1510 orobitin
795 1435 861 1499 alta
883 1433 1022 1498 aetheria
1046 1433 1120 1498 sede
1144 1434 1300 1510 conlocat,
1325 1435 1432 1515 procul

288 1561 306 1606 a
330 1541 566 1606 conuersatione
590 1539 785 1617 mortalium3
813 1540 896 1623 quod
921 1545 1028 1605 autem
1052 1541 1169 1623 aliquis
1190 1539 1322 1604 daemon
1341 1539 1434 1604 fuerit
1450 1561 1470 1598 m

289 1647 418 1714 Graccis
451 1649 561 1712 fauens
590 1647 797 1729 'lboianisque
830 1647 1014 1724 contrarius,
1048 1647 1134 1712 sicut
1166 1647 1247 1712 alius
1282 1647 1432 1712 aduersus

288 1755 427 1820 Graecos
451 1755 656 1820 Troianorum
682 1753 865 1836 opitulator,
891 1773 986 1836 quem
1010 1754 1142 1818 Veneris
1166 1773 1224 1818 seu
1245 1753 1357 1820 Martis
1382 1772 1432 1816 no·

288 1861 370 1924 mine
390 1860 473 1924 idem
493 1864 588 1944 poeta
606 1863 843 1939 commemorat,
863 1879 943 1941 quos
963 1860 1038 1924 deos
1057 1861 1120 1924 iste
1139 1859 1216 1924 talia
1230 1879 1290 1924 non
1306 1864 1431 1944 agentes

288 1965 319 2031 in
353 1967 603 2031 habitationibus
637 1968 827 2032 caelestibus
855 1968 955 2050 ponit,
990 1972 1022 2032 et
1044 1967 1076 2032 bi
1102 1967 1270 2032 daemones
1298 1985 1352 2049 pro
1377 1967 1429 2040 eie,

289 2091 369 2154 quos
389 2074 546 2149 amabant,
571 2077 679 2138 contra
698 2094 762 2149 eos,
783 2093 862 2156 quos
883 2074 1021 2153 oderant,
1040 2073 1122 2138 inter
1141 2092 1175 2138 se
1195 2072 1468 2146 decemminas
1541 2061 1542 2132 l

288 2180 348 2242 boo
371 2198 432 2242 non
456 2180 567 2261 procul
587 2199 605 2243 a
623 2182 756 2244 ueritate
780 2185 891 2263 poetas
911 2181 1028 2244 dixisse
1049 2181 1213 2244 coufessus
1234 2183 1294 2243 est.
1318 2179 1364 2242 De
1382 2178 1428 2240 bis

290 2285 405 2369 quippe
429 2286 492 2348 ista
516 2285 670 2362 dixerunt,
704 2305 782 2367 quos
806 2287 987 2351 hominibus
1022 2285 1120 2351 simili
1149 2288 1238 2350 motu
1269 2285 1369 2350 cordis
1400 2288 1429 2348 et

289 2392 356 2456 salo
380 2391 495 2454 mentis
519 2411 575 2473 per
598 2411 705 2455 omnes
730 2392 960 2476 cogitationum
984 2395 1092 2457 aestus
1112 2391 1265 2456 fluctuare
1288 2394 1428 2466 testatur,

288 2501 326 2561 nb
348 2498 473 2580 possint
496 2517 616 2562 umores
642 2501 673 2561 et
696 2497 768 2562 odia
790 2519 850 2564 nou
875 2518 929 2582 pro
954 2499 1087 2576 iustitia,
1113 2498 1169 2562 sed
1193 2499 1279 2563 sieut
1297 2497 1427 2580 populns

289 2604 404 2668 similis
438 2623 545 2669 eorum
577 2607 609 2668 in
643 2605 846 2669 necatoribus
881 2610 912 2668 et
945 2606 1063 2689 aurigis
1097 2606 1273 2670 secuudum
1306 2623 1467 2671 suarnmso
1541 2607 1542 2616 ’

290 2711 397 2775 studia
419 2713 558 2793 partium
578 2731 632 2792 pro
653 2711 723 2775 aliis
744 2711 897 2776 aduersus
917 2712 996 2776 alios
1017 2731 1166 2778 exercere.
1191 2714 1227 2778 ld
1248 2713 1327 2777 eninr
1346 2711 1428 2774 uide-

289 2821 342 2881 tur
374 2817 584 2900 philosophus
619 2835 746 2880 curasse
774 2817 968 2895 Platonicus,
1001 2839 1049 2896 ue,
1084 2838 1156 2882 cum
1185 2819 1262 2883 haec
1292 2817 1427 2902 sportis

291 2927 487 3002 canerentur,
507 2942 568 2987 non
585 2943 602 2986 a
618 2923 822 2988 daemonibus
843 2924 967 3002 mediis,
988 2925 1043 2989 serl
1062 2926 1099 2989 ab
1119 2925 1198 3009 ipsis
1221 2925 1281 3002 dis,
1301 2944 1427 3010 quorum

289 3031 416 3095 nomina
438 3034 549 3114 poetae
573 3031 717 3114 fingendo
741 3034 871 3113 ponunt,
897 3030 964 3095 fieri
989 3032 1197 3096 crederentur.

379 3301 396 3353 5
415 3297 451 3354 ib.
470 3315 496 3368 p.
518 3300 560 3361 15,
580 3301 596 3352 2

761 3442 767 3475 l
783 3453 807 3476 us
819 3443 850 3476 'lu

327 3486 342 3539 3
362 3484 517 3538 finctionem
537 3501 572 3589 εις
641 3488 656 3539 5
675 3453 800 3540 homeriis
818 3445 976 3548 ¹irrineruam,
996 3505 1029 3541 m.
1048 3505 1099 3547 rec.
1119 3505 1199 3555 corr,
1219 3505 1238 3542 a
1293 3493 1308 3546 6
1328 3487 1426 3556 mediis]

291 3599 344 3654 diis
366 3599 459 3654 0¹a²z
545 3565 649 3654 cetibus
670 3620 687 3655 a
773 3602 896 3673 Graium]
917 3603 1029 3673 gradum
1051 3603 1085 3670 C,-
1104 3609 1258 3674 gratums,·
1277 3621 1379 3675 grauem
1400 3601 1428 3655 o²

293 3687 452 3752 cohibendo,
471 3707 489 3742 n
507 3707 590 3759 saper
608 3689 626 3743 h
645 3693 746 3761 scripto
763 3695 807 3758 (=
823 3693 985 3759 conitendo)
1000 3712 1014 3748 s
1086 3694 1192 3758 achille,
1213 3711 1227 3748 e
1247 3713 1281 3749 ex
1298 3697 1307 3749 i
1326 3711 1396 3751 corr„
1412 3711 1428 3744 u

290 3778 436 3848 Sputetl
491 3779 524 3831 14
543 3780 652 3836 caelest.
672 3780 818 3835 habitato
890 3781 928 3851 hi]
943 3781 1000 3834 irie
1056 3784 1088 3835 lb
1108 3786 1227 3838 amunta
1283 3781 1428 3836 roseius

293 3865 513 3920 latescentem
588 3869 619 3921 19
637 3869 820 3938 possinth;
839 3871 1207 3940 possentobepoDomb.
1289 3869 1428 3926 sodorol

291 3991 328 4044 20
346 3991 448 4046 similes
465 3991 497 4043 0¹
570 3993 679 4062 aurigis,
699 3995 828 4064 inorory.
846 3996 1003 4065 auguriis,e
1057 3995 1088 4050 21
1111 3997 1244 4051 exeereC
1296 3999 1328 4050 22
1346 3995 1427 4066 plato·

292 4095 370 4132 mous
390 4095 496 4134 curasse
515 4097 528 4133 e
