<?xml version="1.0" encoding="UTF-8"?>
<!DOCTYPE html PUBLIC "-//W3C//DTD XHTML 1.0 Transitional//EN"
    "http://www.w3.org/TR/xhtml1/DTD/xhtml1-transitional.dtd">
<html xmlns="http://www.w3.org/1999/xhtml" xml:lang="en" lang="en">
 <head>
  <title>
</title>
<meta http-equiv="Content-Type" content="text/html;charset=utf-8" />
  <meta name='ocr-system' content='tesseract 3.04.00' />
  <meta name='ocr-capabilities' content='ocr_page ocr_carea ocr_par ocr_line ocrx_word'/>
</head>
<body>
  <div class='ocr_page' id='page_1' title='image "./corpusscriptoru20wiengoog_0132.png"; bbox 0 0 3072 4928; ppageno 0'>
   <div class='ocr_carea' id='block_1_1' title="bbox 405 457 1315 530">
    <p class='ocr_par' dir='ltr' id='par_1_1' title="bbox 405 457 1315 530">
     <span class='ocr_line' id='line_1_1' title="bbox 405 457 1315 530; baseline 0.007 -18"><span class='ocrx_word' id='word_1_1' title='bbox 405 457 455 512; x_wconf 91' lang='lat' dir='ltr'><strong>De</strong></span> <span class='ocrx_word' id='word_1_2' title='bbox 485 458 661 512; x_wconf 85' lang='lat' dir='ltr'><strong>ciuitate</strong></span> <span class='ocrx_word' id='word_1_3' title='bbox 690 457 751 513; x_wconf 88' lang='lat' dir='ltr'><strong>dei</strong></span> <span class='ocrx_word' id='word_1_4' title='bbox 777 459 843 513; x_wconf 93' lang='lat' dir='ltr'><strong>lib.</strong></span> <span class='ocrx_word' id='word_1_5' title='bbox 872 457 907 514; x_wconf 92' lang='lat' dir='ltr'><strong>ll.</strong></span> <span class='ocrx_word' id='word_1_6' title='bbox 934 476 1009 530; x_wconf 86' lang='lat' dir='ltr'><strong>cap.</strong></span> <span class='ocrx_word' id='word_1_7' title='bbox 1032 460 1075 514; x_wconf 78' lang='lat'><strong>25.</strong></span> <span class='ocrx_word' id='word_1_8' title='bbox 1254 463 1315 527; x_wconf 89' lang='grc'><strong>101</strong></span> 
     </span>
    </p>
   </div>
   <div class='ocr_carea' id='block_1_2' title="bbox 113 652 1321 3386">
    <p class='ocr_par' dir='ltr' id='par_1_2' title="bbox 113 652 1321 3386">
     <span class='ocr_line' id='line_1_2' title="bbox 163 652 1317 739; baseline 0.003 -23"><span class='ocrx_word' id='word_1_9' title='bbox 163 653 294 717; x_wconf 92' lang='lat' dir='ltr'><strong>nullum</strong></span> <span class='ocrx_word' id='word_1_10' title='bbox 317 653 404 718; x_wconf 82' lang='lat' dir='ltr'><strong>nefas</strong></span> <span class='ocrx_word' id='word_1_11' title='bbox 428 652 595 718; x_wconf 72' lang='lat' dir='ltr'><strong>admittere</strong></span> <span class='ocrx_word' id='word_1_12' title='bbox 621 653 915 719; x_wconf 85' lang='lat' dir='ltr'><strong>uiderentu1·?lam</strong></span> <span class='ocrx_word' id='word_1_13' title='bbox 940 654 1023 718; x_wconf 90' lang='lat' dir='ltr'><strong>enim</strong></span> <span class='ocrx_word' id='word_1_14' title='bbox 1048 658 1215 739; x_wconf 80' lang='lat' dir='ltr'><strong>coeperant</strong></span> <span class='ocrx_word' id='word_1_15' title='bbox 1233 655 1317 720; x_wconf 89' lang='lat' dir='ltr'><strong>bella</strong></span> 
     </span>
     <span class='ocr_line' id='line_1_3' title="bbox 164 757 1318 845; baseline 0.003 -23"><span class='ocrx_word' id='word_1_16' title='bbox 164 757 288 838; x_wconf 87' lang='lat' dir='ltr'><strong>ciuilia,</strong></span> <span class='ocrx_word' id='word_1_17' title='bbox 312 762 344 824; x_wconf 93' lang='lat' dir='ltr'><strong>et</strong></span> <span class='ocrx_word' id='word_1_18' title='bbox 372 759 495 842; x_wconf 79' lang='lat' dir='ltr'><strong>aliquot</strong></span> <span class='ocrx_word' id='word_1_19' title='bbox 522 759 728 824; x_wconf 86' lang='lat' dir='ltr'><strong>nefandorum</strong></span> <span class='ocrx_word' id='word_1_20' title='bbox 755 759 948 842; x_wconf 90' lang='lat' dir='ltr'><strong>proeliorum</strong></span> <span class='ocrx_word' id='word_1_21' title='bbox 977 765 1099 845; x_wconf 84' lang='lat' dir='ltr'><strong>strages</strong></span> <span class='ocrx_word' id='word_1_22' title='bbox 1129 761 1318 826; x_wconf 85' lang='lat' dir='ltr'><strong>exsecranda</strong></span> 
     </span>
     <span class='ocr_line' id='line_1_4' title="bbox 164 866 1317 951; baseline 0.003 -22"><span class='ocrx_word' id='word_1_23' title='bbox 164 869 393 948; x_wconf 78' lang='lat' dir='ltr'><strong>praecesserat.</strong></span> <span class='ocrx_word' id='word_1_24' title='bbox 430 867 497 930; x_wconf 88' lang='lat' dir='ltr'><strong>lam</strong></span> <span class='ocrx_word' id='word_1_25' title='bbox 525 866 645 931; x_wconf 90' lang='lat' dir='ltr'><strong>multos</strong></span> <span class='ocrx_word' id='word_1_26' title='bbox 674 869 827 943; x_wconf 88' lang='lat' dir='ltr'><strong>mouerat,</strong></span> <span class='ocrx_word' id='word_1_27' title='bbox 853 867 937 949; x_wconf 90' lang='lat' dir='ltr'><strong>quod</strong></span> <span class='ocrx_word' id='word_1_28' title='bbox 960 868 1053 934; x_wconf 89' lang='lat' dir='ltr'><strong>miles</strong></span> <span class='ocrx_word' id='word_1_29' title='bbox 1078 868 1216 951; x_wconf 89' lang='lat' dir='ltr'><strong>quidam,</strong></span> <span class='ocrx_word' id='word_1_30' title='bbox 1241 869 1317 933; x_wconf 91' lang='lat' dir='ltr'><strong>dnm</strong></span> 
     </span>
     <span class='ocr_line' id='line_1_5' title="bbox 166 970 1317 1058; baseline 0.006 -23"><span class='ocrx_word' id='word_1_31' title='bbox 166 971 274 1035; x_wconf 89' lang='lat' dir='ltr'><strong>occiso</strong></span> <span class='ocrx_word' id='word_1_32' title='bbox 303 972 405 1053; x_wconf 88' lang='lat' dir='ltr'><strong>spolia</strong></span> <span class='ocrx_word' id='word_1_33' title='bbox 434 970 622 1050; x_wconf 90' lang='lat' dir='ltr'><strong>detraheret,</strong></span> <span class='ocrx_word' id='word_1_34' title='bbox 645 971 775 1037; x_wconf 83' lang='lat' dir='ltr'><strong>fratrem</strong></span> <span class='ocrx_word' id='word_1_35' title='bbox 803 971 922 1037; x_wconf 88' lang='lat' dir='ltr'><strong>nudato</strong></span> <span class='ocrx_word' id='word_1_36' title='bbox 952 973 1103 1040; x_wconf 90' lang='lat' dir='ltr'><strong>cadauere</strong></span> <span class='ocrx_word' id='word_1_37' title='bbox 1128 975 1258 1058; x_wconf 87' lang='lat' dir='ltr'><strong>agnouit</strong></span> <span class='ocrx_word' id='word_1_38' title='bbox 1281 995 1317 1042; x_wconf 88' lang='lat' dir='ltr'><strong>ac</strong></span> 
     </span>
     <span class='ocr_line' id='line_1_6' title="bbox 130 1075 1317 1164; baseline 0.003 -22"><span class='ocrx_word' id='word_1_39' title='bbox 130 1104 145 1142; x_wconf 73' lang='lat' dir='ltr'><strong>a</strong></span> <span class='ocrx_word' id='word_1_40' title='bbox 168 1075 347 1142; x_wconf 89' lang='lat' dir='ltr'><strong>detestatus</strong></span> <span class='ocrx_word' id='word_1_41' title='bbox 371 1077 456 1140; x_wconf 90' lang='lat' dir='ltr'><strong>bella</strong></span> <span class='ocrx_word' id='word_1_42' title='bbox 479 1076 587 1141; x_wconf 90' lang='lat' dir='ltr'><strong>ciuilia</strong></span> <span class='ocrx_word' id='word_1_43' title='bbox 610 1095 644 1141; x_wconf 92' lang='lat' dir='ltr'><strong>se</strong></span> <span class='ocrx_word' id='word_1_44' title='bbox 668 1077 773 1160; x_wconf 89' lang='lat' dir='ltr'><strong>ipsum</strong></span> <span class='ocrx_word' id='word_1_45' title='bbox 797 1077 843 1142; x_wconf 94' lang='lat' dir='ltr'><strong>ibi</strong></span> <span class='ocrx_word' id='word_1_46' title='bbox 861 1079 1019 1160; x_wconf 87' lang='lat' dir='ltr'><strong>perimens</strong></span> <span class='ocrx_word' id='word_1_47' title='bbox 1039 1079 1174 1144; x_wconf 83' lang='lat' dir='ltr'><strong>fratemo</strong></span> <span class='ocrx_word' id='word_1_48' title='bbox 1195 1084 1317 1164; x_wconf 82' lang='lat' dir='ltr'><strong>corpori</strong></span> 
     </span>
     <span class='ocr_line' id='line_1_7' title="bbox 165 1183 1317 1270; baseline 0.007 -24"><span class='ocrx_word' id='word_1_49' title='bbox 165 1183 320 1249; x_wconf 83' lang='lat' dir='ltr'><strong>adiunxit.</strong></span> <span class='ocrx_word' id='word_1_50' title='bbox 369 1183 415 1248; x_wconf 88' lang='lat' dir='ltr'><strong>Ut</strong></span> <span class='ocrx_word' id='word_1_51' title='bbox 446 1201 520 1267; x_wconf 89' lang='lat' dir='ltr'><strong>ergo</strong></span> <span class='ocrx_word' id='word_1_52' title='bbox 553 1183 651 1248; x_wconf 89' lang='lat' dir='ltr'><strong>huius</strong></span> <span class='ocrx_word' id='word_1_53' title='bbox 683 1184 763 1248; x_wconf 86' lang='lat' dir='ltr'><strong>tanti</strong></span> <span class='ocrx_word' id='word_1_54' title='bbox 802 1185 878 1249; x_wconf 90' lang='lat' dir='ltr'><strong>mali</strong></span> <span class='ocrx_word' id='word_1_55' title='bbox 915 1186 1043 1250; x_wconf 89' lang='lat' dir='ltr'><strong>minime</strong></span> <span class='ocrx_word' id='word_1_56' title='bbox 1079 1187 1228 1270; x_wconf 88' lang='lat' dir='ltr'><strong>taederet,</strong></span> <span class='ocrx_word' id='word_1_57' title='bbox 1262 1190 1317 1254; x_wconf 89' lang='lat' dir='ltr'><strong>sed</strong></span> 
     </span>
     <span class='ocr_line' id='line_1_8' title="bbox 165 1289 1317 1374; baseline 0.005 -21"><span class='ocrx_word' id='word_1_58' title='bbox 165 1309 328 1355; x_wconf 88' lang='lat' dir='ltr'><strong>armorum</strong></span> <span class='ocrx_word' id='word_1_59' title='bbox 352 1291 560 1355; x_wconf 88' lang='lat' dir='ltr'><strong>scelestorum</strong></span> <span class='ocrx_word' id='word_1_60' title='bbox 584 1290 688 1374; x_wconf 89' lang='lat' dir='ltr'><strong>magis</strong></span> <span class='ocrx_word' id='word_1_61' title='bbox 711 1289 878 1374; x_wconf 82' lang='lat' dir='ltr'><strong>magisque</strong></span> <span class='ocrx_word' id='word_1_62' title='bbox 903 1291 994 1356; x_wconf 85' lang='lat' dir='ltr'><strong>ardor</strong></span> <span class='ocrx_word' id='word_1_63' title='bbox 1016 1292 1213 1371; x_wconf 75' lang='lat' dir='ltr'><strong>incresceret,</strong></span> <span class='ocrx_word' id='word_1_64' title='bbox 1234 1295 1317 1360; x_wconf 82' lang='lat' dir='ltr'><strong>noxii</strong></span> 
     </span>
     <span class='ocr_line' id='line_1_9' title="bbox 167 1396 1317 1480; baseline 0.006 -20"><span class='ocrx_word' id='word_1_65' title='bbox 167 1396 348 1478; x_wconf 87' lang='lat' dir='ltr'><strong>daemones,</strong></span> <span class='ocrx_word' id='word_1_66' title='bbox 383 1415 462 1478; x_wconf 91' lang='lat' dir='ltr'><strong>quos</strong></span> <span class='ocrx_word' id='word_1_67' title='bbox 494 1396 542 1461; x_wconf 93' lang='lat' dir='ltr'><strong>illi</strong></span> <span class='ocrx_word' id='word_1_68' title='bbox 575 1396 651 1461; x_wconf 88' lang='lat' dir='ltr'><strong>daos</strong></span> <span class='ocrx_word' id='word_1_69' title='bbox 684 1400 832 1480; x_wconf 89' lang='lat' dir='ltr'><strong>putantes</strong></span> <span class='ocrx_word' id='word_1_70' title='bbox 871 1397 1020 1464; x_wconf 88' lang='lat' dir='ltr'><strong>colendos</strong></span> <span class='ocrx_word' id='word_1_71' title='bbox 1052 1404 1085 1464; x_wconf 92' lang='lat' dir='ltr'><strong>at</strong></span> <span class='ocrx_word' id='word_1_72' title='bbox 1123 1401 1317 1467; x_wconf 88' lang='lat' dir='ltr'><strong>uenerandos</strong></span> 
     </span>
     <span class='ocr_line' id='line_1_10' title="bbox 166 1503 1318 1590; baseline 0.003 -22"><span class='ocrx_word' id='word_1_73' title='bbox 166 1503 413 1580; x_wconf 85' lang='lat' dir='ltr'><strong>arbitrabantur,</strong></span> <span class='ocrx_word' id='word_1_74' title='bbox 427 1503 558 1569; x_wconf 86' lang='lat' dir='ltr'><strong>interae</strong></span> <span class='ocrx_word' id='word_1_75' title='bbox 572 1507 750 1587; x_wconf 82' lang='lat' dir='ltr'><strong>pugnantes</strong></span> <span class='ocrx_word' id='word_1_76' title='bbox 769 1503 952 1571; x_wconf 90' lang='lat' dir='ltr'><strong>hominibus</strong></span> <span class='ocrx_word' id='word_1_77' title='bbox 971 1526 1119 1590; x_wconf 88' lang='lat' dir='ltr'><strong>apparere</strong></span> <span class='ocrx_word' id='word_1_78' title='bbox 1138 1508 1318 1585; x_wconf 90' lang='lat' dir='ltr'><strong>uoluerunt,</strong></span> 
     </span>
     <span class='ocr_line' id='line_1_11' title="bbox 119 1611 1318 1696; baseline 0.004 -23"><span class='ocrx_word' id='word_1_79' title='bbox 119 1637 145 1674; x_wconf 86' lang='grc' dir='ltr'><strong>ιο</strong></span> <span class='ocrx_word' id='word_1_80' title='bbox 166 1630 207 1674; x_wconf 91' lang='lat' dir='ltr'><strong>na</strong></span> <span class='ocrx_word' id='word_1_81' title='bbox 235 1611 354 1675; x_wconf 87' lang='lat' dir='ltr'><strong>imitari</strong></span> <span class='ocrx_word' id='word_1_82' title='bbox 381 1612 462 1675; x_wconf 86' lang='lat' dir='ltr'><strong>tales</strong></span> <span class='ocrx_word' id='word_1_83' title='bbox 490 1629 614 1694; x_wconf 87' lang='lat' dir='ltr'><strong>pugnas</strong></span> <span class='ocrx_word' id='word_1_84' title='bbox 639 1612 743 1677; x_wconf 88' lang='lat' dir='ltr'><strong>ciuica</strong></span> <span class='ocrx_word' id='word_1_85' title='bbox 765 1611 938 1696; x_wconf 86' lang='lat' dir='ltr'><strong>trepidaret</strong></span> <span class='ocrx_word' id='word_1_86' title='bbox 961 1612 1107 1691; x_wconf 86' lang='lat' dir='ltr'><strong>adlectio,</strong></span> <span class='ocrx_word' id='word_1_87' title='bbox 1132 1613 1188 1678; x_wconf 90' lang='lat' dir='ltr'><strong>sed</strong></span> <span class='ocrx_word' id='word_1_88' title='bbox 1210 1614 1318 1696; x_wconf 89' lang='lat' dir='ltr'><strong>potius</strong></span> 
     </span>
     <span class='ocr_line' id='line_1_12' title="bbox 168 1717 1319 1804; baseline 0.003 -24"><span class='ocrx_word' id='word_1_89' title='bbox 168 1717 345 1804; x_wconf 89' lang='lat' dir='ltr'><strong>humanum</strong></span> <span class='ocrx_word' id='word_1_90' title='bbox 382 1717 488 1782; x_wconf 88' lang='lat' dir='ltr'><strong>scelus</strong></span> <span class='ocrx_word' id='word_1_91' title='bbox 522 1717 630 1782; x_wconf 90' lang='lat' dir='ltr'><strong>diuino</strong></span> <span class='ocrx_word' id='word_1_92' title='bbox 665 1723 867 1784; x_wconf 86' lang='lat' dir='ltr'><strong>excusaretur</strong></span> <span class='ocrx_word' id='word_1_93' title='bbox 899 1719 1049 1804; x_wconf 81' lang='lat' dir='ltr'><strong>exemplo.</strong></span> <span class='ocrx_word' id='word_1_94' title='bbox 1095 1719 1163 1784; x_wconf 89' lang='lat' dir='ltr'><strong>Hac</strong></span> <span class='ocrx_word' id='word_1_95' title='bbox 1200 1721 1319 1784; x_wconf 89' lang='lat' dir='ltr'><strong>astutia</strong></span> 
     </span>
     <span class='ocr_line' id='line_1_13' title="bbox 167 1823 1318 1908; baseline 0.004 -22"><span class='ocrx_word' id='word_1_96' title='bbox 167 1823 301 1908; x_wconf 85' lang='lat' dir='ltr'><strong>maligni</strong></span> <span class='ocrx_word' id='word_1_97' title='bbox 326 1824 457 1907; x_wconf 87' lang='lat' dir='ltr'><strong>spiritus</strong></span> <span class='ocrx_word' id='word_1_98' title='bbox 481 1824 578 1888; x_wconf 87' lang='lat' dir='ltr'><strong>etiam</strong></span> <span class='ocrx_word' id='word_1_99' title='bbox 600 1824 704 1900; x_wconf 87' lang='lat' dir='ltr'><strong>ludos,</strong></span> <span class='ocrx_word' id='word_1_100' title='bbox 728 1825 811 1891; x_wconf 89' lang='lat' dir='ltr'><strong>unde</strong></span> <span class='ocrx_word' id='word_1_101' title='bbox 839 1826 942 1890; x_wconf 91' lang='lat' dir='ltr'><strong>multa</strong></span> <span class='ocrx_word' id='word_1_102' title='bbox 967 1825 1031 1890; x_wconf 88' lang='lat' dir='ltr'><strong>iarn</strong></span> <span class='ocrx_word' id='word_1_103' title='bbox 1059 1825 1132 1906; x_wconf 81' lang='lat' dir='ltr'><strong>diri,</strong></span> <span class='ocrx_word' id='word_1_104' title='bbox 1158 1827 1318 1892; x_wconf 88' lang='lat' dir='ltr'><strong>scaenicos</strong></span> 
     </span>
     <span class='ocr_line' id='line_1_14' title="bbox 167 1930 1318 2018; baseline 0.002 -24"><span class='ocrx_word' id='word_1_105' title='bbox 167 1930 233 1994; x_wconf 91' lang='lat' dir='ltr'><strong>sibi</strong></span> <span class='ocrx_word' id='word_1_106' title='bbox 266 1931 364 1996; x_wconf 89' lang='lat' dir='ltr'><strong>dicari</strong></span> <span class='ocrx_word' id='word_1_107' title='bbox 397 1931 575 2014; x_wconf 88' lang='lat' dir='ltr'><strong>sacrarique</strong></span> <span class='ocrx_word' id='word_1_108' title='bbox 607 1932 778 2012; x_wconf 89' lang='lat' dir='ltr'><strong>iusserunt,</strong></span> <span class='ocrx_word' id='word_1_109' title='bbox 813 1933 868 1998; x_wconf 91' lang='lat' dir='ltr'><strong>ubi</strong></span> <span class='ocrx_word' id='word_1_110' title='bbox 904 1937 994 1998; x_wconf 90' lang='lat' dir='ltr'><strong>tanta</strong></span> <span class='ocrx_word' id='word_1_111' title='bbox 1031 1933 1161 1998; x_wconf 89' lang='lat' dir='ltr'><strong>deorum</strong></span> <span class='ocrx_word' id='word_1_112' title='bbox 1196 1933 1318 2018; x_wconf 86' lang='lat' dir='ltr'><strong>flagitia</strong></span> 
     </span>
     <span class='ocr_line' id='line_1_15' title="bbox 165 2037 1319 2120; baseline 0.003 -20"><span class='ocrx_word' id='word_1_113' title='bbox 165 2039 336 2102; x_wconf 85' lang='lat' dir='ltr'><strong>theatricis</strong></span> <span class='ocrx_word' id='word_1_114' title='bbox 373 2038 506 2103; x_wconf 88' lang='lat' dir='ltr'><strong>canticis</strong></span> <span class='ocrx_word' id='word_1_115' title='bbox 539 2037 640 2120; x_wconf 87' lang='lat' dir='ltr'><strong>adque</strong></span> <span class='ocrx_word' id='word_1_116' title='bbox 673 2039 853 2104; x_wconf 85' lang='lat' dir='ltr'><strong>fabularum</strong></span> <span class='ocrx_word' id='word_1_117' title='bbox 886 2040 1064 2105; x_wconf 84' lang='lat' dir='ltr'><strong>actionibus</strong></span> <span class='ocrx_word' id='word_1_118' title='bbox 1099 2041 1256 2104; x_wconf 87' lang='lat' dir='ltr'><strong>celebrata</strong></span> <span class='ocrx_word' id='word_1_119' title='bbox 1288 2045 1319 2104; x_wconf 89' lang='lat' dir='ltr'><strong>et</strong></span> 
     </span>
     <span class='ocr_line' id='line_1_16' title="bbox 114 2144 1318 2230; baseline 0.002 -21"><span class='ocrx_word' id='word_1_120' title='bbox 114 2144 316 2227; x_wconf 73' lang='lat' dir='ltr'><strong>aequisonis</strong></span> <span class='ocrx_word' id='word_1_121' title='bbox 350 2163 404 2210; x_wconf 91' lang='lat' dir='ltr'><strong>eos</strong></span> <span class='ocrx_word' id='word_1_122' title='bbox 436 2145 550 2210; x_wconf 86' lang='lat' dir='ltr'><strong>fecisse</strong></span> <span class='ocrx_word' id='word_1_123' title='bbox 583 2144 723 2211; x_wconf 88' lang='lat' dir='ltr'><strong>crederet</strong></span> <span class='ocrx_word' id='word_1_124' title='bbox 755 2148 788 2210; x_wconf 93' lang='lat' dir='ltr'><strong>et</strong></span> <span class='ocrx_word' id='word_1_125' title='bbox 819 2147 965 2230; x_wconf 86' lang='lat' dir='ltr'><strong>quisquis</strong></span> <span class='ocrx_word' id='word_1_126' title='bbox 994 2166 1054 2211; x_wconf 92' lang='lat' dir='ltr'><strong>non</strong></span> <span class='ocrx_word' id='word_1_127' title='bbox 1083 2147 1233 2224; x_wconf 90' lang='lat' dir='ltr'><strong>crederet,</strong></span> <span class='ocrx_word' id='word_1_128' title='bbox 1263 2147 1318 2212; x_wconf 90' lang='lat' dir='ltr'><strong>sed</strong></span> 
     </span>
     <span class='ocr_line' id='line_1_17' title="bbox 165 2251 1317 2330; baseline 0.003 -15"><span class='ocrx_word' id='word_1_129' title='bbox 165 2255 277 2315; x_wconf 86' lang='lat' dir='ltr'><strong>tamen</strong></span> <span class='ocrx_word' id='word_1_130' title='bbox 303 2251 376 2316; x_wconf 89' lang='lat' dir='ltr'><strong>illos</strong></span> <span class='ocrx_word' id='word_1_131' title='bbox 403 2252 614 2317; x_wconf 89' lang='lat' dir='ltr'><strong>libentissime</strong></span> <span class='ocrx_word' id='word_1_132' title='bbox 643 2251 705 2318; x_wconf 93' lang='lat' dir='ltr'><strong>sibi</strong></span> <span class='ocrx_word' id='word_1_133' title='bbox 732 2252 809 2316; x_wconf 89' lang='lat' dir='ltr'><strong>talia</strong></span> <span class='ocrx_word' id='word_1_134' title='bbox 838 2253 976 2318; x_wconf 81' lang='lat' dir='ltr'><strong>exhiberi</strong></span> <span class='ocrx_word' id='word_1_135' title='bbox 1005 2256 1154 2330; x_wconf 85' lang='lat' dir='ltr'><strong>cerneret,</strong></span> <span class='ocrx_word' id='word_1_136' title='bbox 1187 2273 1317 2318; x_wconf 87' lang='lat' dir='ltr'><strong>secums</strong></span> 
     </span>
     <span class='ocr_line' id='line_1_18' title="bbox 165 2356 1318 2442; baseline 0.002 -20"><span class='ocrx_word' id='word_1_137' title='bbox 165 2356 359 2422; x_wconf 88' lang='lat' dir='ltr'><strong>imitaretur.</strong></span> <span class='ocrx_word' id='word_1_138' title='bbox 382 2357 431 2423; x_wconf 84' lang='lat' dir='ltr'><strong>Ne</strong></span> <span class='ocrx_word' id='word_1_139' title='bbox 456 2359 526 2440; x_wconf 89' lang='lat' dir='ltr'><strong>quis</strong></span> <span class='ocrx_word' id='word_1_140' title='bbox 550 2359 658 2442; x_wconf 88' lang='lat' dir='ltr'><strong>itaque</strong></span> <span class='ocrx_word' id='word_1_141' title='bbox 682 2359 877 2424; x_wconf 84' lang='lat' dir='ltr'><strong>existimaret</strong></span> <span class='ocrx_word' id='word_1_142' title='bbox 899 2360 931 2423; x_wconf 93' lang='lat' dir='ltr'><strong>in</strong></span> <span class='ocrx_word' id='word_1_143' title='bbox 951 2359 1026 2424; x_wconf 89' lang='lat' dir='ltr'><strong>daos</strong></span> <span class='ocrx_word' id='word_1_144' title='bbox 1046 2359 1192 2424; x_wconf 91' lang='lat' dir='ltr'><strong>conuicia</strong></span> <span class='ocrx_word' id='word_1_145' title='bbox 1210 2361 1318 2441; x_wconf 91' lang='lat' dir='ltr'><strong>potius</strong></span> 
     </span>
     <span class='ocr_line' id='line_1_19' title="bbox 167 2464 1320 2550; baseline 0.002 -22"><span class='ocrx_word' id='word_1_146' title='bbox 167 2483 267 2547; x_wconf 89' lang='lat' dir='ltr'><strong>quarn</strong></span> <span class='ocrx_word' id='word_1_147' title='bbox 295 2465 341 2530; x_wconf 91' lang='lat' dir='ltr'><strong>eis</strong></span> <span class='ocrx_word' id='word_1_148' title='bbox 370 2464 502 2549; x_wconf 87' lang='lat' dir='ltr'><strong>dignum</strong></span> <span class='ocrx_word' id='word_1_149' title='bbox 531 2464 650 2548; x_wconf 90' lang='lat' dir='ltr'><strong>aliquid</strong></span> <span class='ocrx_word' id='word_1_150' title='bbox 679 2466 886 2548; x_wconf 84' lang='lat' dir='ltr'><strong>scriptitasse,</strong></span> <span class='ocrx_word' id='word_1_151' title='bbox 915 2466 1109 2550; x_wconf 91' lang='lat' dir='ltr'><strong>ubicumque</strong></span> <span class='ocrx_word' id='word_1_152' title='bbox 1137 2467 1211 2533; x_wconf 91' lang='lat' dir='ltr'><strong>illos</strong></span> <span class='ocrx_word' id='word_1_153' title='bbox 1239 2467 1320 2530; x_wconf 89' lang='lat' dir='ltr'><strong>inter</strong></span> 
     </span>
     <span class='ocr_line' id='line_1_20' title="bbox 166 2573 1319 2656; baseline 0.003 -20"><span class='ocrx_word' id='word_1_154' title='bbox 166 2590 203 2636; x_wconf 86' lang='lat' dir='ltr'><strong>aa</strong></span> <span class='ocrx_word' id='word_1_155' title='bbox 248 2590 404 2655; x_wconf 86' lang='lat' dir='ltr'><strong>pugnasse</strong></span> <span class='ocrx_word' id='word_1_156' title='bbox 445 2574 557 2655; x_wconf 89' lang='lat' dir='ltr'><strong>poetae</strong></span> <span class='ocrx_word' id='word_1_157' title='bbox 599 2575 896 2650; x_wconf 85' lang='lat' dir='ltr'><strong>commemorarunt,</strong></span> <span class='ocrx_word' id='word_1_158' title='bbox 933 2573 996 2656; x_wconf 91' lang='lat' dir='ltr'><strong>ipsi</strong></span> <span class='ocrx_word' id='word_1_159' title='bbox 1038 2573 1077 2637; x_wconf 88' lang='lat' dir='ltr'><strong>ad</strong></span> <span class='ocrx_word' id='word_1_160' title='bbox 1118 2573 1319 2656; x_wconf 86' lang='lat' dir='ltr'><strong>decipiendos</strong></span> 
     </span>
     <span class='ocr_line' id='line_1_21' title="bbox 113 2678 1319 2764; baseline -0.002 -18"><span class='ocrx_word' id='word_1_161' title='bbox 113 2705 144 2746; x_wconf 79' lang='lat' dir='ltr'><strong>ao</strong></span> <span class='ocrx_word' id='word_1_162' title='bbox 168 2678 317 2743; x_wconf 89' lang='lat' dir='ltr'><strong>homines</strong></span> <span class='ocrx_word' id='word_1_163' title='bbox 340 2682 505 2760; x_wconf 84' lang='lat' dir='ltr'><strong>poetamm</strong></span> <span class='ocrx_word' id='word_1_164' title='bbox 529 2678 668 2743; x_wconf 90' lang='lat' dir='ltr'><strong>carmina</strong></span> <span class='ocrx_word' id='word_1_165' title='bbox 690 2679 906 2756; x_wconf 89' lang='lat' dir='ltr'><strong>firmauerunt,</strong></span> <span class='ocrx_word' id='word_1_166' title='bbox 925 2699 1048 2764; x_wconf 88' lang='lat' dir='ltr'><strong>pugnas</strong></span> <span class='ocrx_word' id='word_1_167' title='bbox 1071 2679 1223 2746; x_wconf 89' lang='lat' dir='ltr'><strong>uidelicet</strong></span> <span class='ocrx_word' id='word_1_168' title='bbox 1246 2699 1319 2744; x_wconf 88' lang='lat' dir='ltr'><strong>suas</strong></span> 
     </span>
     <span class='ocr_line' id='line_1_22' title="bbox 168 2770 1319 2870; baseline 0.002 -21"><span class='ocrx_word' id='word_1_169' title='bbox 168 2805 235 2849; x_wconf 94' lang='lat' dir='ltr'><strong>non</strong></span> <span class='ocrx_word' id='word_1_170' title='bbox 261 2784 365 2850; x_wconf 89' lang='lat' dir='ltr'><strong>solum</strong></span> <span class='ocrx_word' id='word_1_171' title='bbox 388 2803 445 2867; x_wconf 92' lang='lat' dir='ltr'><strong>per</strong></span> <span class='ocrx_word' id='word_1_172' title='bbox 468 2770 630 2850; x_wconf 83' lang='lat' dir='ltr'><strong>scaenicos</strong></span> <span class='ocrx_word' id='word_1_173' title='bbox 654 2785 685 2849; x_wconf 93' lang='lat' dir='ltr'><strong>in</strong></span> <span class='ocrx_word' id='word_1_174' title='bbox 705 2786 840 2864; x_wconf 90' lang='lat' dir='ltr'><strong>theatro,</strong></span> <span class='ocrx_word' id='word_1_175' title='bbox 860 2805 971 2850; x_wconf 90' lang='lat' dir='ltr'><strong>uerum</strong></span> <span class='ocrx_word' id='word_1_176' title='bbox 991 2786 1086 2852; x_wconf 87' lang='lat' dir='ltr'><strong>eliam</strong></span> <span class='ocrx_word' id='word_1_177' title='bbox 1105 2805 1160 2870; x_wconf 91' lang='lat' dir='ltr'><strong>per</strong></span> <span class='ocrx_word' id='word_1_178' title='bbox 1179 2805 1213 2851; x_wconf 89' lang='lat' dir='ltr'><strong>aa</strong></span> <span class='ocrx_word' id='word_1_179' title='bbox 1234 2787 1319 2870; x_wconf 90' lang='lat' dir='ltr'><strong>ipsos</strong></span> 
     </span>
     <span class='ocr_line' id='line_1_23' title="bbox 166 2891 853 2975; baseline 0.001 -19"><span class='ocrx_word' id='word_1_180' title='bbox 166 2893 200 2958; x_wconf 91' lang='lat' dir='ltr'><strong>in</strong></span> <span class='ocrx_word' id='word_1_181' title='bbox 228 2910 339 2975; x_wconf 88' lang='lat' dir='ltr'><strong>campo</strong></span> <span class='ocrx_word' id='word_1_182' title='bbox 363 2891 510 2956; x_wconf 90' lang='lat' dir='ltr'><strong>humanis</strong></span> <span class='ocrx_word' id='word_1_183' title='bbox 535 2891 636 2956; x_wconf 88' lang='lat' dir='ltr'><strong>oculis</strong></span> <span class='ocrx_word' id='word_1_184' title='bbox 661 2891 853 2958; x_wconf 85' lang='lat' dir='ltr'><strong>exhibentes.</strong></span> 
     </span>
     <span class='ocr_line' id='line_1_24' title="bbox 214 2997 1320 3082; baseline 0.002 -20"><span class='ocrx_word' id='word_1_185' title='bbox 214 2999 303 3062; x_wconf 89' lang='lat' dir='ltr'><strong>Haec</strong></span> <span class='ocrx_word' id='word_1_186' title='bbox 338 2997 441 3064; x_wconf 92' lang='lat' dir='ltr'><strong>dicere</strong></span> <span class='ocrx_word' id='word_1_187' title='bbox 478 2997 622 3080; x_wconf 87' lang='lat' dir='ltr'><strong>conpulsi</strong></span> <span class='ocrx_word' id='word_1_188' title='bbox 660 3017 782 3076; x_wconf 89' lang='lat' dir='ltr'><strong>sumus,</strong></span> <span class='ocrx_word' id='word_1_189' title='bbox 816 2999 964 3082; x_wconf 89' lang='lat' dir='ltr'><strong>quoniam</strong></span> <span class='ocrx_word' id='word_1_190' title='bbox 1000 2998 1147 3082; x_wconf 85' lang='lat' dir='ltr'><strong>pessimis</strong></span> <span class='ocrx_word' id='word_1_191' title='bbox 1180 2997 1320 3064; x_wconf 87' lang='lat' dir='ltr'><strong>moribus</strong></span> 
     </span>
     <span class='ocr_line' id='line_1_25' title="bbox 167 3105 1320 3190; baseline -0.001 -19"><span class='ocrx_word' id='word_1_192' title='bbox 167 3107 291 3171; x_wconf 89' lang='lat' dir='ltr'><strong>ciuium</strong></span> <span class='ocrx_word' id='word_1_193' title='bbox 319 3105 493 3170; x_wconf 87' lang='lat' dir='ltr'><strong>Romanam</strong></span> <span class='ocrx_word' id='word_1_194' title='bbox 520 3125 586 3170; x_wconf 89' lang='lat' dir='ltr'><strong>rem</strong></span> <span class='ocrx_word' id='word_1_195' title='bbox 619 3105 780 3190; x_wconf 90' lang='lat' dir='ltr'><strong>publicam</strong></span> <span class='ocrx_word' id='word_1_196' title='bbox 813 3107 877 3170; x_wconf 87' lang='lat' dir='ltr'><strong>iam</strong></span> <span class='ocrx_word' id='word_1_197' title='bbox 910 3109 1001 3171; x_wconf 88' lang='lat' dir='ltr'><strong>antea</strong></span> <span class='ocrx_word' id='word_1_198' title='bbox 1032 3105 1188 3190; x_wconf 88' lang='lat' dir='ltr'><strong>perditam</strong></span> <span class='ocrx_word' id='word_1_199' title='bbox 1220 3106 1320 3171; x_wconf 86' lang='lat' dir='ltr'><strong>fuisse</strong></span> 
     </span>
     <span class='ocr_line' id='line_1_26' title="bbox 115 3211 1321 3296; baseline -0.002 -18"><span class='ocrx_word' id='word_1_200' title='bbox 115 3238 145 3278; x_wconf 79' lang='lat' dir='ltr'><strong>as</strong></span> <span class='ocrx_word' id='word_1_201' title='bbox 166 3213 355 3296; x_wconf 88' lang='lat' dir='ltr'><strong>nullamque</strong></span> <span class='ocrx_word' id='word_1_202' title='bbox 391 3213 580 3278; x_wconf 87' lang='lat' dir='ltr'><strong>remansisse</strong></span> <span class='ocrx_word' id='word_1_203' title='bbox 620 3217 691 3278; x_wconf 87' lang='lat' dir='ltr'><strong>ante</strong></span> <span class='ocrx_word' id='word_1_204' title='bbox 730 3213 901 3278; x_wconf 90' lang='lat' dir='ltr'><strong>aduentum</strong></span> <span class='ocrx_word' id='word_1_205' title='bbox 935 3211 1052 3278; x_wconf 84' lang='lat' dir='ltr'><strong>Christi</strong></span> <span class='ocrx_word' id='word_1_206' title='bbox 1090 3213 1163 3277; x_wconf 91' lang='lat' dir='ltr'><strong>Iesu</strong></span> <span class='ocrx_word' id='word_1_207' title='bbox 1201 3212 1321 3277; x_wconf 88' lang='lat' dir='ltr'><strong>domini</strong></span> 
     </span>
     <span class='ocr_line' id='line_1_27' title="bbox 167 3319 1320 3386; baseline -0.003 0"><span class='ocrx_word' id='word_1_208' title='bbox 167 3322 272 3386; x_wconf 89' lang='lat' dir='ltr'><strong>nostri</strong></span> <span class='ocrx_word' id='word_1_209' title='bbox 300 3325 446 3384; x_wconf 85' lang='lat' dir='ltr'><strong>auctores</strong></span> <span class='ocrx_word' id='word_1_210' title='bbox 476 3338 585 3385; x_wconf 90' lang='lat' dir='ltr'><strong>eorum</strong></span> <span class='ocrx_word' id='word_1_211' title='bbox 613 3320 717 3384; x_wconf 88' lang='lat' dir='ltr'><strong>dicare</strong></span> <span class='ocrx_word' id='word_1_212' title='bbox 745 3323 777 3384; x_wconf 92' lang='lat' dir='ltr'><strong>et</strong></span> <span class='ocrx_word' id='word_1_213' title='bbox 806 3319 942 3384; x_wconf 87' lang='lat' dir='ltr'><strong>scribare</strong></span> <span class='ocrx_word' id='word_1_214' title='bbox 970 3319 1100 3384; x_wconf 91' lang='lat' dir='ltr'><strong>minime</strong></span> <span class='ocrx_word' id='word_1_215' title='bbox 1125 3319 1320 3384; x_wconf 88' lang='lat' dir='ltr'><strong>dubitarunt.</strong></span> 
     </span>
    </p>
   </div>
   <div class='ocr_carea' id='block_1_3' title="bbox 166 3507 1326 4200">
    <p class='ocr_par' dir='ltr' id='par_1_3' title="bbox 166 3507 1326 4200">
     <span class='ocr_line' id='line_1_28' title="bbox 206 3507 1323 3580; baseline 0 -15"><span class='ocrx_word' id='word_1_216' title='bbox 206 3509 327 3574; x_wconf 78' lang='lat' dir='ltr'><strong>laesas,</strong></span> <span class='ocrx_word' id='word_1_217' title='bbox 345 3511 378 3563; x_wconf 80' lang='lat' dir='ltr'><strong>in</strong></span> <span class='ocrx_word' id='word_1_218' title='bbox 390 3507 697 3580; x_wconf 62' lang='lat' dir='ltr'><strong>marginaliacinus,</strong></span> <span class='ocrx_word' id='word_1_219' title='bbox 714 3515 739 3566; x_wconf 84' lang='lat' dir='ltr'>A</span> <span class='ocrx_word' id='word_1_220' title='bbox 795 3508 997 3565; x_wconf 83' lang='lat' dir='ltr'><strong>2cibiliaLd</strong></span> <span class='ocrx_word' id='word_1_221' title='bbox 1069 3509 1323 3580; x_wconf 80' lang='lat' dir='ltr'><strong>aliquodeC¹e</strong></span> 
     </span>
     <span class='ocr_line' id='line_1_29' title="bbox 166 3599 1322 3670; baseline -0.001 -15"><span class='ocrx_word' id='word_1_222' title='bbox 166 3601 185 3655; x_wconf 89' lang='grc'>3</span> <span class='ocrx_word' id='word_1_223' title='bbox 205 3615 326 3670; x_wconf 81' lang='lat' dir='ltr'><strong>process.</strong></span> <span class='ocrx_word' id='word_1_224' title='bbox 346 3599 377 3652; x_wconf 88' lang='lat' dir='ltr'><strong>a¹</strong></span> <span class='ocrx_word' id='word_1_225' title='bbox 413 3600 429 3654; x_wconf 86' lang='lat'><strong>6</strong></span> <span class='ocrx_word' id='word_1_226' title='bbox 447 3600 520 3654; x_wconf 88' lang='lat' dir='ltr'><strong>tanti</strong></span> <span class='ocrx_word' id='word_1_227' title='bbox 538 3599 618 3653; x_wconf 87' lang='lat' dir='ltr'><strong>huius</strong></span> <span class='ocrx_word' id='word_1_228' title='bbox 636 3616 652 3654; x_wconf 87' lang='lat' dir='ltr'><strong><em>v</em></strong></span> <span class='ocrx_word' id='word_1_229' title='bbox 693 3599 710 3654; x_wconf 89' lang='lat'>8</span> <span class='ocrx_word' id='word_1_230' title='bbox 729 3603 867 3669; x_wconf 86' lang='lat' dir='ltr'><strong>putantes,</strong></span> <span class='ocrx_word' id='word_1_231' title='bbox 886 3616 920 3655; x_wconf 84' lang='lat' dir='ltr'><strong>m.</strong></span> <span class='ocrx_word' id='word_1_232' title='bbox 940 3603 967 3654; x_wconf 81' lang='lat'><strong>2.</strong></span> <span class='ocrx_word' id='word_1_233' title='bbox 987 3615 1056 3654; x_wconf 80' lang='lat' dir='ltr'><strong>corr.</strong></span> <span class='ocrx_word' id='word_1_234' title='bbox 1075 3601 1107 3652; x_wconf 78' lang='lat' dir='ltr'><strong>in</strong></span> <span class='ocrx_word' id='word_1_235' title='bbox 1125 3603 1224 3670; x_wconf 87' lang='lat' dir='ltr'><strong>putant</strong></span> <span class='ocrx_word' id='word_1_236' title='bbox 1244 3604 1271 3653; x_wconf 90' lang='lat' dir='ltr'><strong>et</strong></span> <span class='ocrx_word' id='word_1_237' title='bbox 1288 3600 1322 3666; x_wconf 83' lang='lat'><strong>0;</strong></span> 
     </span>
     <span class='ocr_line' id='line_1_30' title="bbox 168 3687 1321 3759; baseline -0.001 -16"><span class='ocrx_word' id='word_1_238' title='bbox 168 3692 271 3759; x_wconf 87' lang='lat' dir='ltr'><strong>putant</strong></span> <span class='ocrx_word' id='word_1_239' title='bbox 289 3705 382 3742; x_wconf 85' lang='lat' dir='ltr'><strong>essee</strong></span> <span class='ocrx_word' id='word_1_240' title='bbox 454 3691 483 3742; x_wconf 89' lang='lat' dir='ltr'><strong>et</strong></span> <span class='ocrx_word' id='word_1_241' title='bbox 501 3687 670 3742; x_wconf 85' lang='lat' dir='ltr'><strong>uenerandos</strong></span> <span class='ocrx_word' id='word_1_242' title='bbox 689 3687 786 3743; x_wconf 75' lang='lat' dir='ltr'><strong>oneO</strong></span> <span class='ocrx_word' id='word_1_243' title='bbox 857 3688 1059 3742; x_wconf 81' lang='lat' dir='ltr'><strong>ilarbitrantur</strong></span> <span class='ocrx_word' id='word_1_244' title='bbox 1077 3687 1114 3742; x_wconf 87' lang='lat' dir='ltr'><strong>L¹</strong></span> <span class='ocrx_word' id='word_1_245' title='bbox 1188 3690 1220 3743; x_wconf 90' lang='grc'><strong>13</strong></span> <span class='ocrx_word' id='word_1_246' title='bbox 1240 3688 1321 3759; x_wconf 68' lang='lat' dir='ltr'><strong>Ubiis!</strong></span> 
     </span>
     <span class='ocr_line' id='line_1_31' title="bbox 168 3775 1326 3845; baseline -0.003 -13"><span class='ocrx_word' id='word_1_247' title='bbox 168 3779 259 3840; x_wconf 81' lang='lat' dir='ltr'><strong>tanta,</strong></span> <span class='ocrx_word' id='word_1_248' title='bbox 277 3775 307 3830; x_wconf 89' lang='lat' dir='ltr'><strong>bi</strong></span> <span class='ocrx_word' id='word_1_249' title='bbox 325 3793 360 3830; x_wconf 87' lang='lat' dir='ltr'><strong>m.</strong></span> <span class='ocrx_word' id='word_1_250' title='bbox 379 3777 400 3830; x_wconf 78' lang='lat'><em>2</em></span> <span class='ocrx_word' id='word_1_251' title='bbox 416 3776 448 3830; x_wconf 79' lang='lat' dir='ltr'><strong>ia</strong></span> <span class='ocrx_word' id='word_1_252' title='bbox 465 3793 533 3844; x_wconf 82' lang='lat' dir='ltr'><strong>raa,</strong></span> <span class='ocrx_word' id='word_1_253' title='bbox 552 3775 579 3830; x_wconf 82' lang='lat' dir='ltr'><strong><em>L</em></strong></span> <span class='ocrx_word' id='word_1_254' title='bbox 652 3775 761 3830; x_wconf 87' lang='lat' dir='ltr'><strong>deorum</strong></span> <span class='ocrx_word' id='word_1_255' title='bbox 779 3779 857 3831; x_wconf 87' lang='lat' dir='ltr'><strong>tanta</strong></span> <span class='ocrx_word' id='word_1_256' title='bbox 876 3794 892 3832; x_wconf 84' lang='lat' dir='ltr'><strong>c</strong></span> <span class='ocrx_word' id='word_1_257' title='bbox 966 3777 998 3830; x_wconf 83' lang='lat'><strong>14</strong></span> <span class='ocrx_word' id='word_1_258' title='bbox 1018 3776 1130 3831; x_wconf 86' lang='lat' dir='ltr'><strong>canticis</strong></span> <span class='ocrx_word' id='word_1_259' title='bbox 1148 3793 1208 3845; x_wconf 78' lang='lat' dir='ltr'><strong>sup.</strong></span> <span class='ocrx_word' id='word_1_260' title='bbox 1230 3777 1278 3832; x_wconf 77' lang='lat' dir='ltr'><strong>lia.</strong></span> <span class='ocrx_word' id='word_1_261' title='bbox 1302 3776 1326 3830; x_wconf 83' lang='lat' dir='ltr'><em>G</em></span> 
     </span>
     <span class='ocr_line' id='line_1_32' title="bbox 169 3863 1324 3939; baseline -0.002 -19"><span class='ocrx_word' id='word_1_262' title='bbox 169 3866 311 3921; x_wconf 85' lang='lat' dir='ltr'><strong>celebrata</strong></span> <span class='ocrx_word' id='word_1_263' title='bbox 334 3869 362 3920; x_wconf 87' lang='lat' dir='ltr'><strong>et</strong></span> <span class='ocrx_word' id='word_1_264' title='bbox 385 3865 593 3932; x_wconf 80' lang='lat' dir='ltr'><strong>LAC¹ha¹o;</strong></span> <span class='ocrx_word' id='word_1_265' title='bbox 621 3863 718 3920; x_wconf 87' lang='lat' dir='ltr'><strong>celebr.</strong></span> <span class='ocrx_word' id='word_1_266' title='bbox 743 3869 773 3919; x_wconf 91' lang='lat' dir='ltr'><strong>ut</strong></span> <span class='ocrx_word' id='word_1_267' title='bbox 799 3863 977 3932; x_wconf 82' lang='lat' dir='ltr'><strong>C²aeu²lc²;</strong></span> <span class='ocrx_word' id='word_1_268' title='bbox 1005 3865 1101 3919; x_wconf 90' lang='lat' dir='ltr'><strong>celebr.</strong></span> <span class='ocrx_word' id='word_1_269' title='bbox 1127 3869 1169 3920; x_wconf 86' lang='lat' dir='ltr'><strong>eet</strong></span> <span class='ocrx_word' id='word_1_270' title='bbox 1196 3869 1227 3918; x_wconf 88' lang='lat' dir='ltr'><strong>ut</strong></span> <span class='ocrx_word' id='word_1_271' title='bbox 1250 3865 1324 3939; x_wconf 55' lang='lat' dir='ltr'><strong>blf,-</strong></span> 
     </span>
     <span class='ocr_line' id='line_1_33' title="bbox 169 3953 1324 4027; baseline -0.003 -17"><span class='ocrx_word' id='word_1_272' title='bbox 169 3954 310 4010; x_wconf 85' lang='lat' dir='ltr'><strong>celebrata</strong></span> <span class='ocrx_word' id='word_1_273' title='bbox 329 3957 393 4008; x_wconf 80' lang='lat' dir='ltr'><strong>sunt</strong></span> <span class='ocrx_word' id='word_1_274' title='bbox 411 3959 443 4008; x_wconf 90' lang='lat' dir='ltr'><strong>nt</strong></span> <span class='ocrx_word' id='word_1_275' title='bbox 461 3971 490 4024; x_wconf 53' lang='grc' dir='ltr'><strong>φ·</strong></span> <span class='ocrx_word' id='word_1_276' title='bbox 509 3955 682 4010; x_wconf 85' lang='lat' dir='ltr'><strong>celebrantur</strong></span> <span class='ocrx_word' id='word_1_277' title='bbox 701 3958 767 4024; x_wconf 86' lang='lat' dir='ltr'><strong>utp</strong></span> <span class='ocrx_word' id='word_1_278' title='bbox 833 3956 866 4008; x_wconf 83' lang='lat'><strong>15</strong></span> <span class='ocrx_word' id='word_1_279' title='bbox 886 3970 931 4009; x_wconf 91' lang='lat' dir='ltr'><strong>eos</strong></span> <span class='ocrx_word' id='word_1_280' title='bbox 950 3953 1046 4010; x_wconf 82' lang='lat' dir='ltr'><strong>iecisse</strong></span> <span class='ocrx_word' id='word_1_281' title='bbox 1066 3953 1123 4008; x_wconf 86' lang='lat' dir='ltr'><strong>LA</strong></span> <span class='ocrx_word' id='word_1_282' title='bbox 1138 3954 1169 4007; x_wconf 84' lang='lat'><strong>0¹</strong></span> <span class='ocrx_word' id='word_1_283' title='bbox 1181 3953 1292 4023; x_wconf 80' lang='lat' dir='ltr'><strong>b¹dpa</strong></span> <span class='ocrx_word' id='word_1_284' title='bbox 1301 3967 1324 4027; x_wconf 80' lang='lat' dir='ltr'><em>f</em></span> 
     </span>
     <span class='ocr_line' id='line_1_34' title="bbox 169 4041 1324 4112; baseline -0.003 -13"><span class='ocrx_word' id='word_1_285' title='bbox 169 4044 287 4110; x_wconf 88' lang='lat' dir='ltr'><strong>Domb.;</strong></span> <span class='ocrx_word' id='word_1_286' title='bbox 306 4059 352 4097; x_wconf 86' lang='lat' dir='ltr'><strong>eos</strong></span> <span class='ocrx_word' id='word_1_287' title='bbox 371 4044 439 4097; x_wconf 83' lang='lat' dir='ltr'><strong>talia</strong></span> <span class='ocrx_word' id='word_1_288' title='bbox 457 4043 554 4098; x_wconf 84' lang='lat' dir='ltr'><strong>iecisse</strong></span> <span class='ocrx_word' id='word_1_289' title='bbox 576 4041 778 4112; x_wconf 73' lang='lat' dir='ltr'><strong>O²ab²eqto</strong></span> <span class='ocrx_word' id='word_1_290' title='bbox 853 4045 884 4098; x_wconf 88' lang='grc'><strong>16</strong></span> <span class='ocrx_word' id='word_1_291' title='bbox 903 4043 966 4096; x_wconf 93' lang='lat' dir='ltr'><strong>illos</strong></span> <span class='ocrx_word' id='word_1_292' title='bbox 984 4042 1164 4097; x_wconf 87' lang='lat' dir='ltr'><strong>libentissime</strong></span> <span class='ocrx_word' id='word_1_293' title='bbox 1184 4042 1236 4096; x_wconf 92' lang='lat' dir='ltr'><strong>sibi</strong></span> <span class='ocrx_word' id='word_1_294' title='bbox 1255 4042 1324 4096; x_wconf 90' lang='lat' dir='ltr'><strong>talia</strong></span> 
     </span>
     <span class='ocr_line' id='line_1_35' title="bbox 170 4130 1323 4200; baseline -0.002 -14"><span class='ocrx_word' id='word_1_295' title='bbox 170 4132 292 4187; x_wconf 85' lang='lat' dir='ltr'><strong>exhiberi</strong></span> <span class='ocrx_word' id='word_1_296' title='bbox 316 4149 393 4200; x_wconf 80' lang='lat' dir='ltr'><strong>aesa.,·</strong></span> <span class='ocrx_word' id='word_1_297' title='bbox 418 4131 482 4187; x_wconf 91' lang='lat' dir='ltr'><strong>illos</strong></span> <span class='ocrx_word' id='word_1_298' title='bbox 506 4133 602 4186; x_wconf 88' lang='lat' dir='ltr'><strong>libent.</strong></span> <span class='ocrx_word' id='word_1_299' title='bbox 622 4149 642 4190; x_wconf 87' lang='lat' dir='ltr'><strong>s.</strong></span> <span class='ocrx_word' id='word_1_300' title='bbox 661 4136 682 4186; x_wconf 91' lang='lat' dir='ltr'><strong>t.</strong></span> <span class='ocrx_word' id='word_1_301' title='bbox 702 4133 773 4186; x_wconf 93' lang='lat' dir='ltr'><strong>uelle</strong></span> <span class='ocrx_word' id='word_1_302' title='bbox 797 4131 916 4186; x_wconf 85' lang='lat' dir='ltr'><strong>exhiberi</strong></span> <span class='ocrx_word' id='word_1_303' title='bbox 934 4148 964 4196; x_wconf 85' lang='lat' dir='ltr'><strong>o;</strong></span> <span class='ocrx_word' id='word_1_304' title='bbox 993 4131 1047 4185; x_wconf 90' lang='lat' dir='ltr'><strong>illis</strong></span> <span class='ocrx_word' id='word_1_305' title='bbox 1072 4130 1260 4184; x_wconf 89' lang='lat' dir='ltr'><strong>libentissimis</strong></span> <span class='ocrx_word' id='word_1_306' title='bbox 1283 4130 1323 4184; x_wconf 91' lang='lat' dir='ltr'><strong>ibi</strong></span> 
     </span>
    </p>
   </div>
   <div class='ocr_carea' id='block_1_4' title="bbox 168 4211 1322 4435">
    <p class='ocr_par' dir='ltr' id='par_1_4' title="bbox 168 4211 1322 4435">
     <span class='ocr_line' id='line_1_36' title="bbox 168 4211 1322 4318; baseline -0.002 -15"><span class='ocrx_word' id='word_1_307' title='bbox 168 4249 238 4303; x_wconf 81' lang='lat' dir='ltr'><strong>talia</strong></span> <span class='ocrx_word' id='word_1_308' title='bbox 258 4247 381 4302; x_wconf 84' lang='lat' dir='ltr'><strong>exhiberi</strong></span> <span class='ocrx_word' id='word_1_309' title='bbox 401 4248 498 4304; x_wconf 82' lang='lat' dir='ltr'><strong>Domb.</strong></span> <span class='ocrx_word' id='word_1_310' title='bbox 573 4249 605 4304; x_wconf 87' lang='grc'><strong>19</strong></span> <span class='ocrx_word' id='word_1_311' title='bbox 626 4214 714 4318; x_wconf 72' lang='lat' dir='ltr'><strong>poeta⁰</strong></span> <span class='ocrx_word' id='word_1_312' title='bbox 728 4211 970 4302; x_wconf 56' lang='lat' dir='ltr'><strong>oommssssnrunto</strong></span> <span class='ocrx_word' id='word_1_313' title='bbox 1039 4248 1073 4300; x_wconf 80' lang='lat'><strong>25</strong></span> <span class='ocrx_word' id='word_1_314' title='bbox 1093 4247 1167 4318; x_wconf 88' lang='lat' dir='ltr'><strong>ante]</strong></span> <span class='ocrx_word' id='word_1_315' title='bbox 1189 4249 1233 4302; x_wconf 82' lang='lat' dir='ltr'><strong>ste</strong></span> <span class='ocrx_word' id='word_1_316' title='bbox 1252 4246 1322 4301; x_wconf 81' lang='lat' dir='ltr'><strong>Ln¹</strong></span> 
     </span>
     <span class='ocr_line' id='line_1_37' title="bbox 169 4327 1322 4435; baseline -0.002 -17"><span class='ocrx_word' id='word_1_317' title='bbox 169 4365 214 4435; x_wconf 79' lang='lat' dir='ltr'><strong>spi</strong></span> <span class='ocrx_word' id='word_1_318' title='bbox 233 4363 282 4419; x_wconf 85' lang='lat' dir='ltr'><strong>ihc</strong></span> <span class='ocrx_word' id='word_1_319' title='bbox 301 4363 349 4418; x_wconf 85' lang='lat' dir='ltr'><strong>dni</strong></span> <span class='ocrx_word' id='word_1_320' title='bbox 363 4371 392 4417; x_wconf 89' lang='lat' dir='ltr'><strong>nl</strong></span> <span class='ocrx_word' id='word_1_321' title='bbox 403 4363 429 4417; x_wconf 84' lang='lat' dir='ltr'><em>L</em></span> <span class='ocrx_word' id='word_1_322' title='bbox 440 4365 460 4416; x_wconf 84' lang='lat' dir='ltr'>A</span> <span class='ocrx_word' id='word_1_323' title='bbox 467 4380 503 4433; x_wconf 64' lang='grc' dir='ltr'><strong>ιη</strong></span> <span class='ocrx_word' id='word_1_324' title='bbox 522 4339 623 4418; x_wconf 89' lang='lat' dir='ltr'><strong>domini</strong></span> <span class='ocrx_word' id='word_1_325' title='bbox 638 4364 725 4418; x_wconf 88' lang='lat' dir='ltr'><strong>nostri</strong></span> <span class='ocrx_word' id='word_1_326' title='bbox 739 4364 802 4418; x_wconf 88' lang='lat' dir='ltr'><strong>Iesu</strong></span> <span class='ocrx_word' id='word_1_327' title='bbox 818 4362 920 4418; x_wconf 84' lang='lat' dir='ltr'><strong>Christi</strong></span> <span class='ocrx_word' id='word_1_328' title='bbox 937 4361 1062 4417; x_wconf 72' lang='lat' dir='ltr'><strong>Oratha</strong></span> <span class='ocrx_word' id='word_1_329' title='bbox 1115 4363 1150 4416; x_wconf 82' lang='lat'><strong>26</strong></span> <span class='ocrx_word' id='word_1_330' title='bbox 1171 4327 1322 4430; x_wconf 53' lang='lat' dir='ltr'><strong>dicer3etC</strong></span> 
     </span>
    </p>
   </div>
   <div class='ocr_carea' id='block_1_5' title="bbox 0 0 1551 4928">
    <p class='ocr_par' dir='ltr' id='par_1_5' title="bbox 0 0 1551 4928">
     <span class='ocr_line' id='line_1_38' title="bbox 0 0 1551 4928; baseline 0 0"><span class='ocrx_word' id='word_1_331' title='bbox 0 0 1551 4928; x_wconf 95' lang='lat' dir='ltr'><strong> </strong></span> 
     </span>
    </p>
   </div>
  </div>
 </body>
</html>
