3136 4934
376 435 425 488 De
455 436 628 489 ciuitate
657 436 719 490 dei
746 437 811 494 lib.
840 435 916 490 VIII.
941 454 1015 506 cap.
1038 437 1079 491 25.
1238 441 1299 504 401

152 633 314 706 nocentes,
339 629 412 712 quia
430 629 532 713 magis
552 629 757 712 decipientes,
781 630 833 694 uel
853 634 959 713 aperte
978 631 1209 696 malefaciendo
1229 633 1300 714 (nec

152 742 258 801 tamen
292 735 456 818 quodlibet
488 736 611 814 horum,
649 735 711 801 nisi
745 737 868 818 quondo
901 738 1130 821 pennittuntur
1167 739 1231 802 elta
1269 743 1302 802 et

152 849 275 910 secreta
306 843 367 907 Dei
398 841 622 932 prouidentia),
660 863 721 908 non
755 847 860 908 alutem
894 847 1056 926 tamquam
1089 845 1184 909 medii
1219 845 1301 910 inter

150 952 295 1016 homines
320 953 352 1014 et
371 950 445 1014 deos
470 970 525 1033 per
548 951 719 1014 amicitiam
741 951 870 1015 deorum
895 953 1033 1015 multum
1061 954 1137 1034 aput
1157 952 1300 1016 homines

124 1060 289 1124 sualeant.
332 1057 375 1121 Hi
406 1058 488 1120 enim
519 1057 567 1122 dis
591 1057 694 1136 bonis,
719 1077 798 1140 quos
823 1061 949 1123 sanctos
974 1057 1103 1142 angelos
1127 1078 1184 1124 nos
1209 1077 1300 1122 uoca-

110 1160 113 1168 ‘
149 1184 221 1230 mus
246 1165 480 1248 rationalesque
505 1169 663 1229 creaturas
689 1167 816 1229 sanctae
837 1164 983 1229 caelestis
1002 1164 1210 1229 habitationis
1231 1165 1300 1228 siue

150 1273 241 1337 sedes
262 1274 331 1336 siue
352 1271 580 1337 dominationes
601 1273 670 1336 siue
689 1272 884 1354 principatus
905 1272 974 1336 siue
996 1275 1183 1354 potestates,
1205 1271 1299 1335 amici

151 1398 220 1443 esse
250 1377 376 1442 omnino
404 1397 464 1442 non
487 1381 633 1459 possunt,
668 1378 824 1460 aquibus
855 1379 920 1440 tem
944 1377 1038 1460 longo
1063 1378 1180 1442 absunt
1203 1376 1298 1439 animi

150 1486 326 1562 allectione,
352 1505 446 1568 quam
469 1486 564 1569 longe
589 1485 706 1550 absunt
725 1504 743 1548 a
762 1483 937 1548 uiitutibus
961 1484 1042 1548 uitia
1067 1487 1098 1548 et
1121 1503 1139 1547 a
1158 1482 1298 1548 bonitate

110 1616 133 1656 ιο
150 1591 281 1658 malitia.

596 1779 733 1844 CAPUT
756 1779 855 1846 XXV.

149 1925 201 1988 Do
230 1923 306 1999 his,
338 1941 437 2005 quae
466 1922 624 1986 sanctis
654 1922 815 2005 angelis
846 1925 885 1986 et
913 1923 1146 1988 hominibus
1179 1925 1296 1990 bonis

451 2032 624 2112 possunt
649 2048 737 2093 esse
763 2032 998 2095 communia.

190 2173 288 2237 Nullo
317 2171 411 2236 modo
439 2172 540 2256 igitur
567 2190 623 2253 per
651 2170 841 2234 daemonum
870 2172 960 2252 quasi
993 2172 1198 2238 medietatem
1232 2194 1297 2238 am-

106 2301 129 2338 m
149 2279 299 2344 biendum
323 2277 434 2343 estad
458 2277 712 2342 beneuolentiam
746 2295 802 2341 seu
827 2276 1065 2343 beneficentiam
1090 2280 1220 2344 deorum
1244 2282 1297 2345 uel

148 2387 254 2469 petius
280 2385 464 2469 angelorum
497 2384 662 2461 bonorum,
696 2383 751 2447 sed
775 2402 831 2465 pen
853 2384 952 2448 bonae
982 2386 1159 2450 uoluntatis
1185 2387 1296 2452 simili·

148 2493 299 2571 tudinem,
335 2512 397 2575 qua
424 2511 497 2555 cum
525 2490 591 2554 illis
621 2509 733 2554 snmus
758 2493 790 2554 et
814 2509 886 2554 oum
910 2490 976 2556 illis
1001 2493 1143 2557 uiuimus
1169 2497 1296 2558 etcum

148 2601 210 2665 illis
235 2601 339 2664 Deum
365 2616 459 2682 quem
484 2597 594 2662 colunt
618 2595 764 2674 colimus,
800 2597 860 2661 etsi
893 2615 948 2662 eos
983 2599 1160 2664 carnalibus
1195 2601 1295 2666 oculis

149 2707 253 2772 uidere
273 2726 333 2770 non
353 2723 540 2788 possumus3
561 2703 761 2784 inquantum
781 2707 886 2767 autem
904 2703 1164 2770 dissimilitudine
1184 2707 1295 2771 uolun-

101 2835 129 2875 ιο
146 2816 220 2880 talis
246 2817 278 2879 et
300 2813 473 2897 fragilitate
497 2810 692 2874 infimitatis
717 2810 825 2874 miseri
849 2830 970 2888 sumus,
995 2809 1026 2875 in
1046 2814 1171 2876 tantum
1190 2813 1228 2877 ab
1249 2813 1294 2878 eis

146 2923 238 3004 longe
263 2939 375 2984 sumus
399 2918 485 2983 uitae
509 2917 634 2996 merito,
659 2936 718 2981 non
743 2917 882 2999 corporis
906 2917 988 2982 loco.
1016 2917 1088 2982 Non
1113 2919 1196 2982 enim
1221 2921 1296 3002 quia

146 3028 282 3092 interra
306 3025 491 3090 condicione
515 3024 617 3088 carnis
638 3023 828 3102 habitamus,
854 3023 910 3090 sed
934 3025 961 3088 si
980 3025 1173 3090 inmunditia
1192 3026 1294 3090 cordis

145 3137 267 3198 tenena
292 3133 445 3216 sapimus,
479 3152 539 3198 non
565 3132 610 3195 eis
634 3131 804 3215 iungimur.
854 3131 933 3196 Cum
962 3150 1037 3196 uero
1067 3152 1224 3210 sanamur,
1258 3137 1295 3197 ut

145 3241 255 3323 quales
288 3239 351 3321 ipsi
385 3241 460 3303 sunt
488 3238 604 3316 simus;
638 3235 699 3301 fide
727 3237 792 3300 illis
824 3237 951 3301 interim
974 3238 1232 3320 propinquamus,
1267 3239 1294 3302 si

99 3369 127 3409 es
145 3348 182 3412 ab
207 3346 263 3411 illo
288 3364 345 3410 nos
370 3343 438 3409 fieri
457 3344 578 3422 beatos,
604 3363 622 3408 a
646 3362 707 3424 quo
734 3345 765 3406 et
788 3343 850 3426 ipsi
873 3343 952 3407 facti
976 3347 1060 3421 sunt,
1095 3344 1189 3409 etiam
1214 3346 1293 3428 ipsis

143 3454 326 3520 fauentibus
351 3450 519 3516 credimus.

179 3725 191 3778 l
212 3723 284 3777 male
302 3739 363 3792 sup.
384 3723 432 3776 lin.
454 3725 464 3778 l
535 3723 551 3776 2
572 3722 643 3792 quod
663 3722 752 3794 lJibet
772 3723 781 3774 i
801 3739 833 3775 ece
851 3739 869 3774 ιι
888 3738 956 3776 corr.
977 3723 999 3775 C
1085 3719 1192 3791 quando
1212 3720 1291 3774 codd.

141 3817 250 3882 acepta
270 3829 291 3876 e,
312 3812 360 3879 qui
377 3829 411 3865 m.
432 3816 452 3864 2
471 3817 607 3866 correctus
627 3815 729 3881 quantu
748 3810 830 3863 babet
921 3809 1027 3879 quando
1053 3813 1080 3863 et
1102 3812 1232 3879 qnantum
1252 3826 1293 3877 qo

139 3905 157 3956 6
177 3899 475 3956 creaturas....sedes
494 3917 545 3956 om.
566 3900 587 3954 l¹
679 3899 809 3952 caelestes
828 3899 1013 3952 habitationes
1036 3898 1067 3952 0¹
1161 3900 1194 3952 12
1213 3897 1292 3950 bouis

143 3987 440 4058 Cpq‚om.oDomb.
497 3991 530 4042 14
550 3990 627 4058 quasi
642 4005 690 4058 per
705 3987 844 4041 daemon
917 3986 1137 4056 ambigendume
1193 3985 1292 4040 lobe-

140 4079 323 4133 nelicicntiam
344 4077 448 4132 Oade
514 4079 545 4130 16
564 4076 696 4130 bonorum
717 4077 908 4146 angelornme
965 4077 997 4130 17
1017 4076 1071 4129 illie
1092 4081 1156 4130 ante
1174 4075 1292 4128 uiuimus

138 4185 198 4238 sup.
220 4167 317 4220 liae
388 4170 416 4220 et
435 4184 494 4220 cum
515 4166 569 4219 illis
589 4167 707 4219 uiuimus
726 4166 818 4221 ome
889 4167 923 4220 22
943 4164 990 4219 sed
1009 4182 1068 4234 sup.
1090 4165 1185 4220 tino
1268 4163 1291 4216 si

136 4273 197 4326 sup.
219 4257 279 4318 lin..
299 4255 398 4309 decade
416 4273 450 4309 ιιι,
470 4271 521 4309 ree.
540 4255 572 4308 in
591 4255 654 4325 quia
673 4255 846 4309 eorrectumz
900 4255 934 4308 23
954 4270 1078 4324 sepemns
1096 4253 1128 4306 0¹
1185 4254 1219 4306 24
1239 4251 1291 4305 lide

138 4345 176 4412 e¹,·
194 4344 253 4414 lide
274 4341 300 4398 e²
371 4345 480 4397 interim
499 4343 553 4396 illi
572 4359 588 4396 v
642 4345 676 4396 25
695 4343 747 4412 ipsi
767 4343 930 4412 pauentibus
950 4359 963 4396 e

162 4471 246 4510 xxxx
260 4469 319 4518 Aug.
335 4479 406 4518 opera
420 4468 495 4508 Sectlo
511 4467 529 4506 V
544 4479 596 4517 pam
610 4468 629 4510 1.
1219 4447 1254 4501 26
