3072 4928
366 444 416 497 De
445 443 619 498 ciuitate
647 443 710 498 dei
736 443 801 497 lib.
830 443 879 497 111.
908 460 983 514 cap.
1014 444 1055 500 17.
1220 445 1282 508 135

124 640 254 720 patriae
289 639 485 721 laudumque
522 639 665 702 inmensa
702 637 848 721 cupido’?
894 637 961 701 lam
1001 635 1130 719 expulso
1172 635 1282 718 utiquo

125 746 303 827 Tarquinio
340 749 470 828 tyranno
508 745 620 810 oonsul
657 763 728 810 oum
761 744 861 809 Bruto
900 746 1024 810 oreatus
1062 745 1112 808 ost
1147 741 1282 806 maritus

125 851 297 916 Lucretiae
315 853 351 916 L.
370 850 559 933 Tarquinius
580 849 766 916 Collatinus.
792 849 893 929 Quam
917 849 1001 913 iuste
1021 849 1158 930 populus
1178 865 1282 912 mores

126 959 159 1021 in
190 959 274 1036 oiue,
303 977 364 1022 non
392 977 505 1024 nomen
534 957 691 1023 adtendit!
730 956 832 1036 Quam
859 955 945 1038 inpie
972 956 1092 1020 Brutus
1126 954 1281 1038 collegam

94 1065 252 1146 optimae
281 1084 318 1129 ao
345 1083 445 1129 nouae
469 1065 558 1130 illius
582 1063 763 1148 potestatis,
788 1081 882 1145 quem
906 1067 1025 1146 posset,
1051 1062 1079 1126 si
1102 1062 1162 1127 hoo
1186 1061 1282 1125 offen-

128 1171 275 1248 debatur,
301 1171 425 1236 nomiuo
448 1175 573 1236 tantum
596 1171 730 1253 priuare,
755 1173 788 1234 ot
809 1169 912 1253 patria
930 1169 1071 1251 priuauit
1094 1171 1127 1233 et
1148 1169 1280 1232 honore!

127 1277 218 1341 Haeo
251 1277 336 1342 mala
368 1277 451 1342 faota
483 1283 566 1356 sunt,
595 1277 671 1342 baeo
705 1277 839 1341 aduersa
872 1275 1063 1353 aeciderunt,
1092 1274 1216 1357 quando
1248 1275 1279 1338 iu

128 1381 186 1446 illa
208 1401 242 1447 ro
265 1381 395 1464 publiea
412 1384 522 1464 ‘aequo
543 1386 574 1446 et
592 1382 737 1446 modesto
755 1381 825 1446 iure
844 1381 1000 1464 agitatum
1018 1377 1088 1445 ost’.
1111 1379 1280 1444 Lucretius

130 1507 268 1571 quoque,
286 1489 340 1570 qui
359 1489 389 1552 iu
409 1490 516 1553 locum
530 1489 623 1554 Bruti
636 1489 741 1553 suerat
756 1489 958 1574 subrogatae,
974 1487 1095 1564 morbo,
1112 1491 1280 1567 antequam

88 1619 111 1656 ιο
128 1595 213 1660 idem
242 1615 342 1660 annus
371 1596 601 1672 terminaretur,
626 1597 792 1661 absumtos
822 1601 880 1660 est.
909 1596 960 1659 Ita
987 1595 1022 1661 P.
1042 1593 1199 1669 Valerius,
1225 1593 1280 1673 qui

130 1706 330 1767 successerat
345 1701 513 1782 Collatino,
529 1706 561 1768 et
574 1703 618 1767 M.
637 1703 801 1780 Horatius,
817 1702 871 1785 qui
890 1720 945 1785 pro
966 1701 1114 1766 defuncto
1132 1700 1279 1764 Lucretio

130 1809 286 1872 suffectus
310 1809 423 1886 luerat,
447 1828 564 1875 annum
588 1810 681 1875 illum
704 1811 867 1874 funereum
892 1807 993 1890 adque
1016 1810 1200 1884 tartareum,
1225 1805 1280 1888 qui

131 1915 280 1980 consules
309 1915 448 1998 quinque
475 1917 596 1994 babuit,
625 1916 862 1998 oonplauerunt,
892 1933 954 1998 quo
983 1933 1061 1979 auno
1095 1914 1279 1978 consulatus

130 2022 232 2104 ipsius
261 2041 381 2087 nouum
409 2023 560 2089 honorem
587 2043 624 2088 ao
651 2027 843 2108 potestatem
872 2023 1035 2106 auspicata
1062 2024 1112 2086 est
1138 2021 1280 2086 Romana

88 2145 112 2184 a
131 2147 178 2194 res
202 2129 343 2212 publiea.

575 2307 710 2374 CAPUT
734 2305 833 2371 XVII.

130 2447 227 2513 Post
242 2449 366 2514 initia
386 2450 619 2515 consularia
639 2449 803 2531 imperii
823 2447 973 2530 quibus
992 2447 1113 2512 malis
1132 2449 1278 2510 uexata

132 2554 260 2620 fuerit
281 2556 455 2621 Romana
477 2575 541 2621 res
564 2555 742 2640 publiea,
767 2555 828 2620 dis
853 2574 927 2620 non
954 2553 1276 2637 opitulantibus,

556 2682 654 2746 quos
679 2663 852 2728 oolebat.

89 2810 137 2866 ao'
174 2804 262 2868 Tune
290 2804 353 2869 iam
382 2803 544 2870 deminuto
573 2804 739 2886 paululum
768 2807 866 2881 metu,
895 2822 955 2867 non
984 2803 1058 2884 quia
1089 2801 1174 2866 bella
1206 2819 1277 2866 oon-

132 2909 324 2992 quieuorant,
350 2911 405 2975 seo
435 2911 508 2992 quia
535 2931 596 2975 non
625 2915 691 2976 tam
718 2911 809 2994 graui
832 2909 969 2994 pondere
997 2909 1162 2994 urgebant,
1186 2908 1276 2971 finito

133 3017 253 3081 seilicet
280 3021 432 3102 temporo,
462 3037 523 3101 quo
553 3037 652 3102 aequo
680 3017 748 3082 iure
782 3037 817 3082 ao
849 3017 993 3082 modesto
1027 3015 1183 3100 agitatum
1216 3017 1276 3093 est,

133 3126 241 3188 secuta
278 3127 350 3188 sunt
388 3143 468 3206 quaa
504 3123 588 3188 idem
623 3121 796 3189 Sallustius
830 3124 969 3188 breuiter
1002 3123 1150 3206 explieat:
1184 3119 1275 3185 ‘Dein

133 3228 239 3293 seruili
267 3230 399 3314 imperio
429 3235 534 3314 patrea
563 3229 689 3313 plebem
717 3249 868 3307 exercere,
894 3227 931 3294 da
960 3229 1028 3293 uita
1056 3227 1157 3311 adque
1186 3230 1275 3313 tergo

90 3339 215 3421 aregio
242 3356 329 3403 mora
358 3337 532 3415 consulere,
558 3357 631 3422 agro
659 3335 775 3420 pollere
804 3338 836 3402 et
864 3334 977 3401 noteris
1006 3335 1186 3418 expertibus
1216 3335 1276 3399 soli

218 3547 252 3600 aa
271 3545 343 3601 msa.
363 3547 386 3613 1,
403 3546 422 3600 r.
443 3547 459 3601 a

167 3681 179 3733 1
199 3681 303 3750 utique,
321 3678 506 3748 superenapto
523 3679 536 3731 l
551 3679 653 3748 itaque,
668 3677 697 3743 b;
712 3678 803 3746 itaque
820 3694 838 3730 a
892 3677 908 3730 2
927 3678 1043 3780 tyrann?
1059 3691 1109 3729 om.
1127 3674 1151 3728 O
1203 3676 1218 3729 3
1233 3675 1274 3736 L..

131 3811 237 3850 erasum
254 3795 415 3850 oidelerio
434 3794 472 3860 L;
491 3811 543 3850 om.
563 3793 596 3848 Δι
704 3793 845 3862 iniustep
935 3757 1121 3861 toiuesmlllj
1141 3789 1274 3852 adtendit,

131 3884 228 3938 litteris
249 3900 329 3938 nmen
353 3883 448 3947 ermis,
467 3883 509 3950 L‚·
532 3884 590 3938 ciue
612 3883 644 3948 bo
664 3891 815 3946 non,noib,
838 3881 873 3936 bo
898 3897 967 3936 aaa.
987 3886 1013 3934 et
1036 3887 1097 3934 nom
1121 3886 1200 3934 aetra
1225 3879 1273 3934 lin.

130 3991 162 4029 m.
180 3973 249 4036 ab
338 3989 437 4028 nomon
455 3989 545 4042 om.p
636 3971 733 4042 Quam]
752 3971 847 4025 tamti
950 3971 1024 4040 inpie
1041 3987 1117 4036 arasa
1139 3969 1274 4022 iniusteo

130 4061 397 4116 boffendeuaturL
471 4060 698 4132 10P.]p1.Ln
772 4061 802 4114 ll
822 4077 928 4114 nnarous
948 4059 989 4114 de
1078 4059 1180 4112 oratius
1201 4057 1274 4112 Ode

130 4151 163 4204 20
182 4151 315 4205 diminuto
334 4148 448 4219 b²e²qo
521 4151 713 4220 conquiererat
734 4149 765 4202 0¹
777 4149 799 4202 e‘
866 4151 900 4204 22
920 4165 1005 4218 aequo
1025 4149 1081 4201 iure
1100 4164 1132 4202 ao
1149 4147 1273 4202 modesto

131 4238 261 4310 Lth5
279 4257 366 4346 aequio
387 4257 416 4294 ac
435 4257 470 4294 m.
490 4241 508 4294 i.
529 4239 638 4306 abde;
657 4256 742 4309 aequo
763 4243 791 4293 at
809 4256 842 4292 rn.
863 4240 880 4292 i.
899 4255 941 4309 qo
960 4237 1057 4292 Domb.
1130 4239 1164 4294 23
1189 4236 1272 4308 expli-

131 4355 244 4420 oouitL
319 4322 397 4410 denG
450 4357 483 4411 25
503 4355 577 4425 regio
597 4373 647 4412 om.
670 4353 702 4408 0¹
775 4372 839 4424 egro
859 4371 910 4410 om.
930 4355 953 4408 e¹
1027 4355 1189 4424 repellaree
