3072 4930
286 445 351 509 226
630 444 657 497 S.
685 443 841 498 Aurelii
869 443 1086 514 Augustini

284 635 483 720 intellegitur
515 635 738 715 ‘inmobiliter‘,
772 636 832 702 hoc
865 640 915 702 est
946 636 1261 716 incommutabiliter,
1296 641 1353 704 ‘cst
1386 639 1430 704 lo·

286 743 401 821 cutus’,
426 743 510 808 sicut
532 743 623 808 nouit
654 742 958 808 incommutabiliter
990 744 1096 809 omnio
1119 761 1199 827 quae
1228 745 1335 810 lutura
1357 747 1430 810 sunt

285 853 318 912 et
341 869 420 933 quae
452 849 521 934 ipsc
553 851 696 916 tacturus
730 854 788 916 est.
835 851 904 918 Hac
932 851 1040 934 itaque
1067 852 1190 917 ratione
1217 871 1429 935 possemusn

284 956 378 1022 fando
402 957 505 1022 latum
529 957 697 1041 appellere,
720 957 782 1022 nisi
806 957 866 1022 hoc
890 976 1004 1022 nomen
1028 958 1092 1023 iem
1119 958 1151 1023 in
1175 958 1238 1023 alie
1260 977 1294 1022 re
1318 958 1429 1023 soleret

283 1061 438 1147 intellegi,
476 1081 538 1145 quo
571 1062 667 1127 corde
698 1062 862 1128 hominum
895 1065 1045 1129 nolumus
1081 1064 1235 1130 inclinari.
1281 1065 1351 1130 Non
1384 1069 1465 1130 aste

284 1172 392 1233 autem
415 1187 622 1252 consequens,
654 1172 702 1246 ut,
736 1169 763 1233 ei
785 1169 853 1234 Deo
878 1173 984 1235 certus
1013 1172 1063 1235 cst
1095 1171 1238 1236 omnium
1262 1171 1337 1237 ordo
1361 1189 1429 1236 cau·

285 1295 402 1353 sarum,
435 1275 506 1340 ideo
530 1275 612 1340 nibil
635 1275 732 1340 sitin
756 1279 882 1341 nostroe
905 1277 1080 1342 uoluntatis
1109 1277 1250 1343 arbitrio.
1282 1278 1323 1343 lot
1344 1278 1429 1361 ipsae

285 1382 401 1466 quippe
425 1385 550 1448 nostroe
574 1382 758 1447 uoluntates
776 1381 809 1446 in
829 1399 997 1446 causarum
1017 1382 1124 1448 ordine
1141 1386 1227 1460 sunt,
1254 1385 1307 1466 qui
1327 1389 1428 1450 certus

285 1492 335 1554 eet
352 1489 419 1555 Dco
444 1489 577 1571 eiusque
600 1489 809 1572 praescientia
832 1490 1022 1568 continetur,
1047 1490 1197 1572 quoniam
1222 1493 1255 1556 et
1277 1490 1429 1558 humanae

284 1597 467 1662 uoluntates
490 1596 699 1661 humanorum
730 1614 859 1677 operum
890 1614 1003 1661 causae
1031 1600 1116 1665 suut.
1162 1597 1277 1680 Adque
1298 1599 1355 1674 ita,
1379 1597 1428 1680 qui
1443 1621 1463 1660 ro

284 1723 392 1768 omnes
415 1722 520 1768 rerum
544 1721 657 1767 causas
680 1702 863 1783 praeseiuit,
896 1702 1037 1784 profecto
1065 1703 1097 1768 in
1127 1702 1172 1770 eis
1205 1705 1312 1770 causis
1337 1705 1426 1770 etiam

283 1813 408 1874 nostras
423 1810 605 1875 uoluntates
621 1809 763 1893 ignorare
783 1827 844 1874 non
863 1808 979 1892 potuit,
1003 1828 1081 1891 ques
1100 1813 1282 1875 nostrorum
1301 1830 1426 1895 operum

284 1933 397 1980 causas
421 1935 491 1981 esse
515 1915 698 1998 praesciuit.

327 2021 410 2086 Nam
433 2027 465 2086 et
486 2021 578 2098 illud,
603 2020 688 2104 quod
702 2021 786 2086 idom
802 2021 911 2086 Cicero
928 2023 1082 2098 concedit,
1106 2023 1186 2087 nihil
1206 2023 1272 2088 fieri
1289 2023 1317 2088 si
1336 2041 1426 2088 causa

283 2129 424 2194 efficiens
447 2147 508 2193 non
531 2127 709 2211 praecedat,
744 2128 823 2193 sabis
844 2133 905 2192 ¹est
935 2128 974 2192 ad
1001 2147 1074 2194 eum
1101 2129 1132 2194 in
1161 2130 1221 2194 hac
1247 2129 1426 2212 quaestione
1440 2153 1459 2192 o

282 2235 545 2320 redarguendum.
593 2231 678 2312 Quid
710 2233 792 2299 onim
831 2254 904 2299 eum
937 2235 1079 2315 adiuuet,
1118 2235 1205 2318 quod
1237 2235 1315 2301 dicit
1352 2233 1425 2300 nihil

282 2341 411 2425 quidem
431 2341 496 2406 fieri
516 2342 583 2405 sine
603 2359 709 2417 causa,
734 2340 870 2406 sednon
896 2361 1020 2406 omnem
1044 2361 1173 2407 causam
1197 2361 1268 2408 esse
1290 2341 1424 2415 fatalem,

282 2449 357 2531 quia
379 2449 430 2513 est
452 2466 547 2513 cause
569 2447 711 2526 fortuita,
736 2451 786 2512 est
808 2448 972 2524 naturalis,
997 2451 1047 2512 est
1069 2448 1270 2513 uoluntaria?
1294 2447 1423 2524 Sufficit,

281 2555 356 2636 quie
390 2573 492 2631 omne,
526 2552 611 2636 quod
642 2553 689 2632 fit,
722 2573 785 2618 non
817 2553 879 2618 nisi
911 2572 1007 2620 causa
1033 2555 1240 2637 praecedento
1268 2554 1336 2619 fieri
1361 2573 1424 2620 con·
1513 2623 1514 2661 1

280 2661 398 2727 fitetur.
444 2660 510 2726 Nos
535 2660 618 2724 enim
642 2678 695 2724 ens
719 2677 842 2737 causas,
876 2678 956 2742 quae
980 2660 1127 2725 dicuntur
1149 2660 1310 2738 fortuitae,
1347 2659 1422 2725 unde
1436 2685 1456 2724 e
1512 2731 1513 2763 1

281 2768 377 2833 etiam
404 2768 530 2833 fortuna
557 2785 670 2832 nomen
701 2765 834 2848 accepit,
867 2785 929 2830 non
963 2785 1032 2832 esse
1057 2767 1192 2832 dicimus
1225 2767 1342 2846 nullas,
1374 2765 1423 2831 scd

279 2875 427 2953 latentes,
451 2892 567 2957 easque
589 2871 762 2938 tribuimus
786 2871 839 2937 uel
859 2871 917 2936 Dei
936 2871 1004 2937 ueri
1029 2872 1081 2938 uel
1105 2872 1321 2954 quorumlibet
1341 2871 1422 2955 spiri·
1510 2929 1511 2967 ,

280 2983 373 3044 tuum
392 2979 562 3058 uoluntati,
585 2980 736 3063 ipsasque
755 2978 914 3044 naturales
934 2997 1132 3062 nequaquem
1153 2979 1191 3043 ab
1210 2979 1300 3044 illius
1319 2981 1422 3044 noluo·
1509 3049 1510 3069 χ

280 3091 346 3152 tate
379 3087 587 3171 seiungimus,
621 3086 675 3169 qui
706 3089 755 3152 cst
785 3089 897 3151 auctor
929 3087 1030 3151 omnis
1059 3086 1265 3168 conditorque
1288 3089 1420 3152 neturus.
1508 3147 1509 3171 ,

280 3193 348 3257 lem
371 3212 447 3258 nero
471 3211 585 3258 causeo
607 3193 807 3257 uoluntarios
831 3196 886 3258 aut
908 3193 968 3258 Dei
993 3197 1068 3257 sunt
1091 3196 1146 3258 aut
1169 3193 1355 3277 angelorum
1373 3193 1453 3257 auto
1507 3239 1508 3273 ,

280 3299 445 3364 hominurn
460 3303 515 3363 aut
530 3317 727 3382 quorumque
747 3298 941 3374 animalium,
957 3298 985 3363 si
1003 3301 1108 3363 temon
1127 3298 1311 3365 noluntates
1327 3295 1421 3381 appel·
1506 3329 1507 3377 q

279 3405 390 3471 landae
423 3409 499 3470 sunt
522 3406 696 3470 eniminum
720 3404 852 3470 rationis
882 3406 1056 3489 expertium
1084 3410 1191 3470 motus
1220 3404 1277 3480 illi,
1308 3403 1420 3488 quibus
1505 3405 1506 3475 l

281 3511 387 3594 aliqua
404 3512 526 3577 faciunt
545 3512 719 3578 secundum
737 3513 881 3576 naturam
903 3530 1005 3590 suam,
1021 3529 1092 3576 cum
1114 3511 1192 3595 quid
1206 3511 1260 3575 uel
1275 3511 1419 3594 adpetunt
1504 3508 1505 3578 l

279 3618 333 3683 uel
357 3619 490 3684 cultant.
532 3619 725 3704 Angelorum
749 3621 857 3684 autem
879 3619 1064 3685 uoluntates
1088 3617 1158 3683 dico
1183 3635 1240 3684 seu
1262 3617 1417 3686 bonorum,

371 3837 403 3890 14
423 3837 484 3892 oar.
505 3837 538 3891 10
557 3853 614 3906 sqq.

317 3995 527 4049 limmouiliter
545 3995 603 4050 La
667 3994 963 4049 ‘lincommntauiliter
980 3993 1007 4047 L
1074 3995 1252 4064 3possumus
1270 3992 1345 4049 A²c²
1405 4005 1417 4041 ²

279 4103 313 4141 m.
333 4089 348 4137 1
365 4101 425 4154 cup.
448 4085 496 4139 lin.
514 4085 541 4140 L
595 4085 703 4139 Aeolet
724 4083 755 4136 0¹
811 4083 1023 4140 binelinareO
1072 4084 1105 4137 19
1125 4083 1189 4152 qnia
1207 4099 1287 4136 omne
1307 4078 1416 4153 quodlit

278 4189 340 4242 cup.
361 4173 452 4230 time*
521 4171 699 4243 praecedente
711 4213 807 4229 ......
818 4189 911 4227 causas
930 4173 962 4226 in
979 4187 1098 4242 marpe
1151 4171 1186 4226 26
1205 4171 1311 4226 uolunt.
1332 4166 1416 4241 appel.

278 4263 343 4315 sunt
361 4260 439 4314 codd.
446 4282 456 4328 ;
474 4261 573 4333 appell.
592 4266 656 4316 sunt
675 4261 729 4316 nol.
748 4279 764 4316 o
831 4262 865 4315 27
886 4262 1032 4315 animarum
1052 4260 1130 4316 codd.
1146 4265 1259 4329 praeter
1276 4277 1308 4330 q;
1326 4261 1415 4316 anima·

278 4349 405 4418 liumqo
459 4352 493 4404 29
512 4367 668 4406 seu..ecu
687 4351 777 4412 codd,-
798 4349 1009 4404 siue..eiueo
