3072 4928
254 407 317 470 130
599 404 626 457 S.
654 402 809 456 Aurelii
838 401 1056 472 Augustini

251 597 391 663 uiderint
428 596 555 678 quidam
594 595 763 677 scriptores
801 613 920 672 eorum,
957 595 1011 678 qui
1048 614 1120 660 eum
1158 600 1286 680 propter
1323 598 1399 661 iero-

253 705 382 770 citatem
415 725 432 768 a
465 707 577 768 senatu
614 700 808 784 discerptum
845 721 915 767 esse
952 702 1096 768 dixerunt
1132 703 1399 786 subornatumque

252 811 358 877 nescio
378 829 472 893 quern
491 809 610 876 Iulium
629 810 812 886 Proculum,
833 809 888 892 qui
905 828 978 873 eum
1000 809 1061 874 sibi
1081 809 1265 894 apparuisse
1285 810 1401 874 diceret

253 937 388 1000 eumque
415 936 472 1000 per
499 935 533 981 se
566 916 683 1000 populo
716 916 882 981 mandasse
910 916 1063 994 Romano,
1090 919 1128 980 ut
1158 917 1241 980 inter
1273 916 1401 980 numina

253 1025 543 1106 coleretu1·‚eoque
571 1022 664 1088 modo
692 1023 857 1106 populum,
883 1023 937 1106 qui
966 1025 1075 1086 contra
1097 1024 1243 1086 senatum
1265 1021 1400 1086 intumo·
1426 1041 1438 1082 s

253 1149 340 1194 scere
365 1134 520 1211 coeperat,
544 1149 724 1212 repressum
753 1129 855 1211 adque
878 1129 1036 1194 sedatum.
1072 1129 1241 1194 Acciderat
1264 1129 1348 1194 enim
1371 1135 1401 1192 et

253 1237 331 1302 solis
356 1236 501 1314 defectio,
521 1255 615 1318 quam
640 1239 726 1300 certa
748 1236 868 1300 ratione
889 1237 938 1302 sui
963 1254 1076 1300 cursus
1100 1235 1246 1300 effectam
1267 1235 1401 1318 inperita

252 1344 397 1410 nesciens
425 1342 598 1408 multitudo
627 1343 750 1408 meritis
777 1342 904 1407 Romuli
934 1343 1103 1407 tribuebat.
1143 1340 1242 1420 Quasi
1269 1362 1346 1408 uero
1374 1343 1400 1406 si

252 1452 360 1516 luctus
383 1451 438 1515 iile
462 1449 540 1515 solis
564 1451 689 1528 fuisset,
709 1468 771 1514 non
794 1450 896 1533 magis
920 1449 991 1515 ideo
1016 1449 1101 1514 credi
1124 1448 1254 1514 deberet
1277 1449 1399 1514 occisus

252 1558 422 1642 ipsumque
450 1557 554 1622 scelus
584 1557 748 1622 auersioue
782 1556 878 1620 etiam
912 1555 1016 1620 diurni
1048 1555 1178 1620 luminis
1210 1555 1438 1630 indicatum;1o

254 1665 338 1730 siout
361 1683 392 1728 re
416 1683 491 1728 uera
514 1666 635 1729 factum
660 1665 718 1740 est,
740 1681 813 1727 cum
833 1662 988 1728 Dominus
1013 1662 1179 1727 crucifixus
1200 1665 1250 1726 est
1268 1663 1399 1727 crudeli-

253 1775 319 1837 tate
352 1771 453 1852 adque
484 1771 636 1853 inpietate
665 1769 865 1834 Iudaeorum.
909 1767 1011 1847 Quam
1040 1769 1117 1834 solis
1146 1769 1398 1834 obscurationem

252 1896 313 1942 non
342 1897 378 1942 ex
404 1878 553 1942 canonico
578 1877 718 1941 siderum
742 1894 837 1940 cursu
862 1874 1016 1940 accidisse
1041 1877 1119 1940 satis
1143 1875 1292 1953 ostendit,
1318 1875 1398 1958 quod

252 1989 328 2050 tunc
344 1988 411 2050 erat
424 1984 541 2066 pascha
554 1983 756 2058 Iudaeorum;
777 2002 849 2046 nam
868 1982 962 2065 piena
979 1983 1055 2048 luna
1074 1982 1269 2048 sollemniter
1286 1983 1398 2067 agitur,

252 2092 407 2176 regularis
435 2093 542 2156 autem
571 2090 648 2154 solis
677 2087 812 2153 deiectio
840 2109 901 2154 non
928 2089 990 2154 nisi
1020 2090 1112 2154 lunae
1140 2088 1200 2153 fine
1233 2091 1397 2174 contingit.
1415 2107 1437 2147 1⁵

254 2197 338 2264 Satis
367 2200 399 2262 et
423 2196 531 2262 Cicero
555 2195 642 2260 illam
665 2196 748 2260 inter
770 2196 845 2261 deos
869 2196 998 2260 Romuli
1020 2197 1233 2278 receptionem
1255 2200 1398 2280 putatam

253 2305 356 2388 magis
386 2301 544 2386 significat
571 2321 641 2366 esse
670 2321 766 2385 quam
793 2303 921 2380 iactam,
950 2303 1074 2384 quando
1103 2304 1136 2366 et
1161 2302 1294 2367 laudans
1328 2323 1398 2368 eum

253 2411 285 2474 in
313 2409 403 2474 libris
431 2409 469 2474 de
497 2428 530 2472 re
563 2410 691 2492 publica
720 2409 940 2493 Scipionisque
974 2427 1132 2474 sannone:
1161 2409 1308 2474 ‘Tantum
1342 2413 1398 2484 est,

252 2515 367 2597 inquit,
396 2519 595 2593 consecutus,
625 2520 670 2594 ut,
699 2534 771 2581 oum
800 2514 906 2581 subito
936 2516 1002 2580 sole
1032 2515 1199 2580 obscurato
1232 2534 1294 2581 non
1328 2535 1399 2581 con·

253 2623 424 2706 paruisset,
462 2622 590 2687 deorum
627 2623 659 2686 in
696 2641 825 2686 numero
867 2621 1050 2686 conlocatus
1093 2623 1267 2704 putaretur,
1306 2641 1398 2703 quam
1414 2643 1437 2680 so

255 2729 432 2812 opinionem
459 2748 552 2793 nemo
577 2747 727 2810 umquam
751 2728 894 2792 mortalis
918 2729 1046 2811 assequi
1069 2728 1176 2810 potuit
1198 2729 1264 2793 sine
1288 2729 1400 2794 eximia

254 2835 385 2902 uirtutis
401 2835 520 2919 gloria‘.
545 2834 651 2920 (Quod
666 2838 772 2899 autem
794 2834 871 2899 dicit
890 2853 962 2898 eum
981 2835 1088 2899 subito
1108 2853 1168 2899 non
1188 2837 1398 2918 conparuisse,

254 2943 395 3024 profecto
423 2942 469 3007 ibi
496 2942 693 3026 intellegitur
722 2945 777 3006 aut
805 2941 957 3007 uiolentia
983 2943 1183 3024 tempestatis
1213 2945 1268 3007 out
1297 2943 1398 3008 caedis

254 3048 464 3131 facinorisque
489 3050 661 3124 secretum3
686 3067 759 3112 nam
782 3049 814 3112 et
837 3047 891 3112 alii
915 3047 1085 3130 scriptores
1105 3067 1211 3112 eorum
1232 3049 1398 3114 defectioni

257 3155 334 3221 solis
363 3153 482 3218 addunt
512 3155 607 3219 etiam
636 3154 775 3218 subitam
804 3157 1039 3238 tempestatem,
1069 3173 1148 3238 quae
1176 3156 1317 3240 profecto
1346 3159 1436 3220 ants

256 3260 452 3326 occasionem
486 3261 597 3326 sceleri
629 3261 776 3345 praebuit
807 3266 862 3326 aut
893 3261 1065 3326 Romulum
1098 3262 1168 3345 ipsa
1200 3260 1397 3344 consumsit.)

255 3369 303 3433 De
330 3368 423 3431 Tullo
456 3369 572 3452 quippe
606 3368 700 3434 etiam
728 3369 878 3446 Hostilio,
909 3369 963 3452 qui
996 3369 1110 3434 tertius
1140 3389 1157 3433 a
1183 3368 1320 3434 Romulo
1347 3389 1398 3434 rer

254 3474 325 3552 fuit,
347 3473 420 3556 quia
443 3477 475 3539 et
497 3475 565 3558 ipsa
588 3474 721 3539 fulmine
745 3476 911 3540 absumtus
936 3478 995 3554 est,
1015 3475 1093 3540 dicit
1115 3475 1147 3540 in
1172 3473 1291 3540 eisdem
1309 3476 1397 3541 libris

347 3699 434 3765 1811,
454 3717 474 3753 c.
498 3701 530 3754 10

292 3843 308 3895 3
327 3840 430 3895 diceret
448 3857 561 3910 eumque
581 3857 628 3912 per
646 3858 675 3896 sc
693 3859 726 3896 m.
748 3847 763 3896 1
782 3843 814 3896 in
832 3841 956 3911 morpri
1013 3843 1028 3895 6
1048 3845 1179 3911 quoperat
1192 3840 1262 3894 sn*
1317 3841 1333 3894 9
1351 3839 1397 3894 de·

255 3955 372 4010 sursm
427 3957 460 4010 ro
480 3957 561 4010 aaran]
581 3974 640 4025 sap.
661 3957 757 4012 ann
830 3958 1000 4012 ornatuum
1057 3959 1089 4012 ra
1109 3973 1186 4012 eursu
1205 3957 1252 4024 o1‚·
1270 3923 1395 4026 corisop-

254 4045 359 4112 tudine,
378 4045 489 4100 etudine
508 4051 587 4099 extra
607 4047 664 4110 lin„
686 4045 721 4100 0²
805 4047 935 4102 occidisse
954 4047 1031 4103 codd.
1045 4053 1160 4116 praeter
1181 4047 1210 4111 G,
1228 4064 1259 4114 o;
1277 4048 1395 4102 euenisse

258 4134 281 4188 0
297 4134 396 4188 Domb.
453 4136 485 4189 14
505 4135 661 4204 paseaLA
719 4137 750 4190 15
771 4138 887 4206 contigit
907 4135 940 4189 0¹
998 4139 1028 4190 17
1049 4140 1077 4190 et
1095 4151 1179 4190 one.e
1235 4136 1395 4192 acdeorum

254 4239 315 4291 sup.
336 4223 429 4276 lino
482 4225 516 4278 26
535 4225 646 4278 scaeleri
665 4224 697 4277 0¹
751 4226 785 4278 27
804 4225 929 4278 11111οαι
985 4225 1019 4280 28
1039 4225 1103 4294 quia
1122 4223 1271 4294 nObep5
1289 4239 1396 4280 comosa

255 4312 415 4366 membrana
434 4312 534 4366 suddit
551 4314 583 4366 ira
601 4313 641 4380 L;
659 4313 705 4382 qui
725 4331 743 4366 a
754 4313 822 4381 dqc
840 4313 938 4368 Domb.
1013 4313 1171 4384 adsumptus
1193 4313 1226 4366 01
