3136 4934
325 439 375 492 De
404 439 581 492 ciuitate
610 437 672 492 dci
698 439 765 493 lib.
792 437 879 496 VIIII.
907 455 983 508 cap.
1009 440 1050 492 17.
1076 437 1117 492 18.

143 634 365 700 commutabili
383 637 471 698 tanto
492 638 541 698 est
561 634 665 698 anima
683 633 819 699 hominis
840 633 1035 711 dissimilior,
1056 637 1172 716 quanto
1187 653 1290 698 rerum

144 742 368 826 temporalium
385 740 653 821 mutabiliumque
673 740 825 821 cupidior.
845 739 916 805 Hoc
934 745 971 805 ut
990 745 1128 820 sanetur,
1143 731 1291 822 qnoniam

144 849 305 914 inmortali
328 847 470 931 puritati,
495 849 630 930 quaein
655 866 780 912 summo
806 851 865 925 est,
890 867 925 911 ea
949 867 1028 929 quae
1056 848 1089 912 iu
1121 848 1184 913 imo
1218 852 1293 912 sunt

145 957 293 1022 mortalia
316 961 349 1021 et
371 957 523 1022 inmunda
546 956 714 1022 conuenire
738 975 799 1020 non
822 961 966 1038 possunt,
992 974 1072 1040 opus
1096 959 1146 1020 est
1164 955 1291 1038 quidem

113 1063 335 1138 amediatorc;
360 1082 421 1127 non
448 1067 552 1128 tamen
575 1063 643 1139 tali,
669 1061 723 1144 qui
747 1080 862 1143 corpus
887 1061 1014 1143 quidem
1040 1059 1156 1125 habeat
1178 1062 1292 1128 inmor-

144 1171 209 1234 tale
234 1171 446 1253 propinquum
472 1169 616 1246 summm,
642 1168 781 1232 animum
806 1171 912 1232 autem
942 1168 1122 1232 morbidum
1155 1169 1291 1233 similem

143 1276 262 1340 infimis
287 1275 494 1362 (qnomorbo
519 1276 609 1341 nobis
631 1276 772 1340 inuideat
800 1277 906 1358 potius
940 1295 977 1340 ne
1008 1294 1164 1351 sanemur,
1198 1295 1292 1358 qnam

144 1383 278 1447 adiuuet
300 1385 337 1447 ut
360 1383 535 1468 sanemur·);
570 1382 625 1447 sed
653 1383 722 1462 tali,
750 1382 805 1464 qui
832 1381 924 1446 nobis
951 1381 1068 1447 infimis
1093 1401 1129 1446 er
1152 1381 1292 1465 corporIs

145 1488 340 1554 mortalitate
364 1493 530 1572 coaptatus
553 1489 714 1553 inmortali
738 1487 870 1571 spiritus
889 1489 1024 1568 iust'tia,
1043 1509 1098 1570 per
1118 1509 1211 1571 quam
1231 1507 1291 1553 non

99 1621 125 1660 ro
143 1596 289 1661 locorum
328 1595 489 1673 distantia,
526 1595 583 1660 sed
625 1595 846 1659 similitudinis
888 1595 1071 1660 excellentia
1106 1595 1224 1659 mansit
1259 1595 1291 1659 in

144 1703 291 1780 summis,
315 1703 505 1767 mundandis
524 1701 760 1784 liberandisque
779 1702 870 1768 nobie
889 1721 964 1766 uere
985 1701 1125 1766 diuinum
1145 1703 1293 1785 praebeat

144 1809 349 1875 adiutorium.
379 1807 440 1887 qai
463 1810 605 1890 profecto
629 1809 919 1873 incontaminabilis
943 1808 1030 1874 Deus
1056 1809 1139 1874 absit
1162 1812 1198 1873 nt
1221 1828 1292 1874 con-

144 1917 383 1982 taminationem
417 1916 545 1981 timeret
582 1937 617 1981 er
653 1915 779 1980 homine
819 1936 880 1998 qno
913 1915 1045 1980 indutus
1078 1920 1136 1992 est,
1170 1919 1226 1981 aut
1258 1935 1293 1980 ex

143 2024 328 2089 hominibus
351 2024 433 2088 inter·
457 2043 536 2105 quos
559 2024 591 2088 in
616 2024 743 2089 homine
768 2026 975 2088 conuersatus
1004 2025 1062 2086 est.
1110 2022 1179 2087 Non
1210 2023 1292 2086 euim

102 2165 125 2202 ,⁵
144 2151 245 2214 parua
268 2134 344 2196 eunt
366 2131 443 2195 haec
466 2129 591 2196 interim
617 2131 688 2205 duo,
714 2149 793 2212 quae
818 2130 988 2194 salubriter
1006 2149 1064 2195 sua
1081 2130 1293 2194 incarnatione

144 2237 348 2314 monstrauit,
378 2256 434 2301 nec
469 2257 559 2301 carne
590 2256 683 2320 posse
716 2237 922 2301 contamiuari
949 2255 1057 2300 ueram
1082 2237 1292 2312 diuinitatem,

143 2363 204 2409 nec
228 2344 298 2409 ideo
322 2343 480 2427 putandos
510 2343 679 2409 daemones
709 2343 799 2408 nobis
833 2363 902 2407 esse
935 2343 1092 2420 mellores
1126 2344 1201 2425 quia
1232 2364 1291 2409 non

143 2450 264 2516 habent
285 2471 421 2518 carnem.
445 2451 506 2515 Hic
531 2457 590 2528 est,
615 2453 700 2516 sicut
723 2470 796 2516 eum
821 2453 930 2515 sancta
949 2451 1105 2533 scriptura
1123 2451 1292 2532 praedicat,

144 2557 348 2622 mediator
373 2558 445 2622 Dei
474 2561 512 2622 et
540 2557 755 2634 hominum,
788 2557 902 2622 homo
937 2556 1129 2621 Christus
1162 2557 1291 2625 Iesus.

97 2687 125 2728 ao
144 2664 185 2727 de
223 2664 315 2728 cuius
355 2667 387 2729 et
419 2663 596 2742 diuinitate,
632 2683 693 2746 qua
721 2664 804 2746 patri
837 2666 887 2728 cst
919 2683 1043 2746 semper
1075 2664 1226 2744 aequalis,
1261 2667 1292 2728 et

143 2770 353 2848 humanitate,
378 2790 440 2853 qua
462 2769 553 2835 nobis
577 2771 683 2835 factus
706 2773 757 2834 est
784 2769 910 2845 similis,
941 2789 1001 2835 non
1035 2769 1087 2833 hic
1120 2770 1208 2834 locus
1243 2775 1292 2835 est

144 2880 182 2941 ut
206 2881 408 2960 conpetenter
431 2896 485 2959 pro
511 2881 619 2940 nostra
641 2877 793 2941 facultate
818 2876 970 2940 dicamus.

577 3068 714 3136 CAPUT
737 3070 853 3136 XVIII.

144 3193 259 3274 Quod
282 3193 456 3258 fallacia
480 3193 729 3269 daemonnm,
759 3192 847 3258 dum
880 3213 951 3258 sua
984 3194 1289 3260 intercessione

98 3329 124 3368 aa
144 3301 251 3364 uiam
275 3299 449 3381 spondet
472 3299 516 3362 ad
537 3299 669 3377 Deum,
694 3299 766 3362 lroo
791 3300 1013 3378 adultatur‚
1038 3302 1082 3363 ut
1105 3299 1288 3364 homines

460 3425 478 3469 a
501 3406 568 3469 nia
591 3406 784 3470 ueritatis
810 3409 979 3470 auertat.

189 3531 276 3595 Falsi
301 3532 407 3593 autem
430 3529 478 3593 illi
502 3531 695 3612 fallacesque
719 3529 908 3594 mediatores
934 3531 1113 3610 daemones,
1134 3530 1198 3612 qui,
1219 3549 1290 3595 cum

142 3658 199 3720 per
224 3636 356 3720 spiritus
379 3637 602 3701 inmunditiam
626 3637 734 3704 miseri
757 3656 793 3701 ac
822 3637 952 3721 maligni
981 3638 1092 3702 multis
1126 3637 1291 3700 effectibus

236 3846 269 3898 19
290 3845 312 3898 1.
332 3845 399 3899 arm.
420 3847 480 3914 aa

178 3999 194 4050 7
216 3973 305 4064 bonis,
323 3996 354 4049 in
371 4013 458 4066 arare.
477 3975 594 4056 nobiae
648 3996 664 4048 9
684 3999 821 4049 coartatus
837 3997 859 4063 I;
878 4000 1069 4066 quoaptatnea
1140 3996 1292 4052 inmortalis

139 4083 228 4138 b¹e²l
300 4083 331 4136 10
351 4082 537 4136 excellentem
560 4083 582 4134 C
651 4084 683 4136 14
701 4083 781 4135 Immo
803 4101 821 4136 a
895 4083 926 4136 18
946 4085 1036 4152 praed.
1057 4085 1292 4153 sanctascript.c

141 4175 176 4228 20
198 4188 252 4241 qua
263 4211 339 4227 .....
351 4171 521 4225 humanitate
541 4187 592 4228 om.
610 4171 642 4223 0¹
685 4174 718 4224 22
739 4175 899 4240 repetentur
914 4173 932 4224 I¹
976 4174 1009 4226 ‘27
1029 4173 1042 4226 I
1062 4174 1107 4242 qui
1127 4173 1291 4242 suspiritus

141 4259 345 4315 immundiiitlm
362 4261 488 4313 miseriae
511 4259 632 4329 maligni,
651 4261 682 4314 in
700 4277 786 4328 rnarp.
806 4261 820 4314 I
838 4261 872 4314 al.
891 4261 952 4316 lin:
973 4278 989 4332 q
1009 4272 1041 4314 cu
1061 4261 1103 4330 Ipi
1119 4261 1293 4314 immunditia

138 4350 236 4405 miseri
255 4365 287 4403 ac
306 4349 427 4419 maligni,
448 4367 462 4403 e
515 4349 606 4403 rniecri
626 4350 665 4419 ac]
685 4350 809 4404 miseriae
828 4367 841 4403 e

1205 4453 1255 4506 28*
