3072 4928
237 424 279 488 96
585 423 612 476 S.
640 419 797 476 Aurelii
825 420 1043 491 Augustini

236 617 389 698 homiues,
420 616 504 682 sieut
531 615 594 680 iuit
616 615 748 696 Marius,
773 616 876 681 seluta
904 616 1038 694 uiribus,
1063 618 1178 700 opibus
1201 619 1386 698 horroribus,

236 723 390 808 dignitate
404 723 621 808 longaeuitsie
636 722 793 787 cumulari
809 726 840 787 et
854 723 972 806 perfrui
988 723 1036 788 dis
1052 724 1155 800 iratis;
1174 745 1270 809 posse
1289 728 1384 792 etiarn

236 832 390 910 hominos,
407 831 492 895 siout
511 830 573 895 fuit
586 829 739 914 Regulus,
755 829 942 914 captiuitste
962 832 1118 896 seruitute
1131 832 1249 915 inopia,
1263 834 1387 918 uigiliis

237 937 397 1002 doloribus
437 937 607 1002 excruciari
636 940 668 1001 et
696 937 793 1001 emori
822 937 871 1002 dis
905 937 1025 1002 amieis.
1071 935 1163 1017 Quod
1192 939 1219 1004 si
1247 939 1292 1004 ita
1316 959 1387 1006 esse

236 1043 421 1122 concedunt,
455 1043 628 1126 conpendio
665 1044 744 1108 nihil
785 1063 838 1108 eos
871 1043 1021 1126 prodesse
1059 1048 1091 1110 et
1127 1045 1189 1111 ooli
1227 1046 1386 1128 superfluo
1423 1066 1439 1105 s

236 1151 433 1216 confiteatur.
462 1147 545 1215 Nam
569 1152 596 1216 si
621 1149 796 1216 uirtutibus
821 1151 917 1216 animi
940 1157 973 1216 et
994 1149 1145 1233 probitati
1170 1151 1268 1226 uitae,
1294 1153 1387 1218 euius

235 1258 375 1340 praemia
390 1260 611 1341 postmortem
627 1255 781 1339 speranda
795 1259 880 1334 suut,
895 1256 998 1340 magis
1018 1257 1174 1322 contraria
1192 1260 1230 1322 ut
1246 1259 1387 1342 populus

236 1363 371 1428 disceret
402 1363 596 1439 institerunt;
631 1363 659 1428 si
690 1363 771 1427 nihil
803 1363 899 1428 etiam
931 1363 963 1427 in
995 1363 1047 1427 his
1079 1365 1320 1429 transeuntibus
1354 1369 1388 1429 et

235 1470 462 1554 temporalibus
486 1469 577 1536 bonis
600 1469 653 1534 uel
678 1469 723 1534 eis
748 1488 828 1551 quos
852 1469 987 1534 oderunt
1010 1473 1134 1549 notent,
1158 1471 1211 1535 uel
1235 1470 1281 1535 eis
1306 1489 1386 1553 quos

236 1576 373 1661 diligunt
390 1580 534 1660 prosunt,
552 1579 590 1640 ut
609 1575 686 1658 quid
705 1577 860 1654 coluntur,
876 1579 913 1640 ut
931 1576 1009 1659 quid
1027 1580 1115 1642 tauto
1136 1577 1242 1642 studio
1263 1577 1388 1642 oolendi
1406 1599 1435 1640 ro

235 1683 457 1765 requiruntur?
479 1681 569 1761 Quur
586 1683 753 1748 laboriosis
772 1683 984 1764 tristibusque
1002 1682 1209 1766 temporibus,
1224 1685 1389 1766 tamquam

237 1789 348 1854 offensi
386 1789 608 1864 abscesserint,
639 1795 856 1854 murmuratur
893 1797 926 1854 et
961 1791 1090 1872 propter·
1121 1809 1174 1856 eos
1208 1789 1389 1855 Christiane

235 1895 348 1981 religio
377 1896 531 1961 eouuioiis
559 1895 792 1981 indignissimis
819 1896 978 1962 laeditur?
1022 1895 1056 1962 Si
1084 1899 1190 1960 autem
1214 1897 1333 1961 habeut
1354 1897 1387 1961 irr

236 2003 286 2067 his
315 2002 408 2068 rebus
438 2003 491 2068 uel
519 2002 663 2067 beneficii
691 2004 744 2067 uel
772 2001 921 2068 maleficii
950 2006 1153 2085 potestatem,
1179 2021 1260 2085 quur
1282 2003 1313 2067 in
1339 2003 1387 2068 eis

237 2109 406 2174 adfuerunt
432 2111 572 2194 pessimo
601 2110 668 2174 uiro
697 2109 807 2190 Mario,
840 2113 872 2174 et
896 2111 1019 2192 ¹optimo
1043 2109 1167 2194 Regulo
1197 2109 1386 2174 defuerunt?
1407 2131 1433 2170 rs

236 2217 284 2278 llrr
314 2234 348 2280 ex
375 2216 435 2280 hoo
462 2215 525 2297 ipsi
552 2215 782 2300 intelleguntur
807 2216 1012 2282 iniustissimi
1040 2219 1073 2282 et
1098 2215 1252 2301 pessimi?
1295 2213 1388 2294 Quod

238 2323 266 2386 si
293 2325 459 2405 propterea
486 2323 588 2406 magis
616 2322 748 2387 timendi
777 2325 809 2386 et
838 2322 961 2387 colendi
997 2325 1158 2406 putentur,
1191 2341 1293 2404 nequa
1326 2322 1388 2388 hoe

239 2431 404 2511 putantum
433 2447 535 2511 neque
564 2427 647 2494 euim
666 2429 781 2494 minus
810 2447 865 2494 eos
893 2427 1054 2494 inuenitur
1075 2429 1219 2512 Regulus
1247 2429 1387 2494 coluisse

239 2555 333 2618 quam
361 2535 493 2601 Marius.
529 2534 596 2600 Neo
618 2535 689 2602 ideo
713 2535 781 2600 uita
802 2535 943 2618 passima
966 2535 1110 2620 eligenda
1132 2535 1288 2610 uideatur,
1313 2535 1388 2617 quia

238 2641 340 2727 magis
365 2641 465 2707 Mario
495 2660 589 2724 quam
612 2641 735 2727 Regulo
765 2641 797 2706 di
819 2641 940 2706 lauisse
965 2641 1196 2708 existimantur.
1233 2642 1386 2706 Metellus
1407 2661 1434 2702 se

238 2749 322 2814 enim
353 2747 565 2814 Romanorum
599 2748 853 2826 laudatissimus,
887 2747 942 2830 qui
978 2747 1091 2815 habuit
1127 2747 1265 2832 quinque
1301 2747 1386 2815 filios

239 2855 431 2933 consulares,
459 2855 556 2920 etiam
588 2874 693 2919 rorum
725 2855 949 2938 temporalium
982 2855 1056 2919 felir
1088 2854 1160 2932 luit,
1190 2859 1222 2920 et
1250 2854 1386 2921 Catilina

239 2961 396 3042 pessimus
426 2962 597 3044 obpressus
626 2961 733 3043 inopia
761 2964 792 3027 ei
815 2961 845 3026 in
870 2961 954 3026 bello
979 2961 1030 3026 sui
1054 2961 1182 3028 sceleris
1206 2963 1384 3044 prostratus

236 3067 355 3146 infelix,
388 3073 420 3132 et
452 3068 620 3133 uerissima
652 3068 753 3150 adque
787 3068 965 3134 certissima
1000 3067 1153 3134 felicitate
1190 3068 1385 3152 praepollent

236 3174 311 3239 boni
333 3173 438 3238 Deum
462 3174 613 3250 colentes,
638 3193 656 3239 a
680 3194 741 3257 quo
766 3175 834 3240 solo
859 3174 993 3240 conferri
1015 3177 1132 3258 potest.
1404 3191 1432 3234 ss

281 3281 341 3344 Illa
369 3281 469 3364 igitur
491 3300 541 3346 res
565 3281 695 3364 publiea
717 3282 810 3348 malis
833 3283 977 3347 moribus
1002 3301 1075 3348 oum
1098 3281 1224 3364 periret,
1249 3281 1328 3346 uilril
1351 3281 1381 3346 di

238 3406 345 3451 eorum
369 3406 424 3470 pro
449 3387 621 3472 dirigendis
641 3389 694 3452 uel
717 3409 772 3473 pro
797 3387 990 3473 eonigendis
1014 3391 1147 3474 egerunt
1168 3387 1320 3466 moribus,
1344 3407 1382 3453 ne

237 3494 368 3578 periret3
387 3494 485 3558 immo
501 3493 708 3577 deprauandis
724 3499 757 3560 et
771 3494 1007 3578 corrumpendis
1023 3494 1212 3579 addiderunt
1230 3494 1382 3572 moribus,

239 3605 274 3664 ut
301 3599 426 3684 periret.
463 3600 531 3666 Neo
560 3620 593 3666 se
620 3601 720 3666 bonos
752 3603 882 3686 lingant,
907 3602 992 3684 quod
1015 3602 1105 3667 uelut
1128 3601 1240 3667 offensi
1264 3600 1380 3666 ciuium

327 3885 553 3942 2disideratisd
606 3888 769 3942 3seruitute
788 3894 877 3945 omn
921 3854 1267 3956 taxemeimetssmorio
1310 3885 1381 3942 ain-

237 3978 386 4030 stituerunt
404 3975 463 4029 LA
535 3977 575 4030 nil
593 3983 617 4032 A
673 3979 705 4033 10
724 3978 846 4052 epleutur
865 3979 889 4032 e¹
945 3977 1158 4034 lllauor.11A
1217 3977 1250 4032 15
1270 3977 1381 4047 optimo,

236 4066 419 4134 superscripto
438 4083 472 4119 m.
489 4069 508 4120 2
524 4066 590 4134 uiro,
605 4069 628 4121 A
685 4067 718 4121 16
736 4067 816 4138 ilpso,
831 4085 849 4121 rr
863 4085 942 4132 eras,
957 4067 994 4131 L,
1014 4068 1110 4137 ipson
1164 4067 1199 4121 ab
1218 4065 1246 4120 di
1260 4065 1382 4120 subsedi

237 4154 269 4206 21
291 4154 370 4216 enim,
389 4155 573 4223 superero-ipio
587 4171 621 4208 m.
638 4158 657 4208 2
675 4157 721 4224 qui
740 4155 841 4220 fuiti
896 4157 930 4211 27
950 4155 1130 4225 diligendisd
1201 4153 1381 4223 diriguitque

237 4241 402 4312 corrigendis
417 4261 451 4310 μς
472 4242 551 4313 dirig.
572 4247 653 4312 etque
673 4243 794 4298 colendis
814 4263 831 4296 α
903 4242 1278 4314 egemnt....depreusndis
1297 4241 1380 4296 emb

236 4330 270 4384 28
289 4329 408 4400 perirent
425 4328 495 4384 Lm
509 4329 542 4396 0;
562 4333 678 4401 perisset
697 4349 710 4385 e
792 4331 961 4387 eddederurrt
982 4331 1014 4386 0¹
1087 4331 1121 4386 29
1140 4332 1260 4402 perirent
1276 4329 1383 4385 nmo
