3136 4934
325 424 375 476 De
405 423 577 478 ciuitate
606 423 667 478 dei
694 423 758 478 lib.
788 423 876 479 VIIII.
906 441 979 494 cap.
1005 425 1045 478 14.
1072 426 1112 479 15.
1227 429 1292 490 429

145 637 163 682 a
188 617 338 692 mortuis;
363 618 511 701 quoniam
535 619 603 702 ipse
628 623 678 684 eet
700 619 822 684 fruetus
847 619 1046 684 mediationis
1071 620 1150 696 eius,
1176 623 1212 684 ut
1235 640 1291 684 nee

144 725 218 808 ipsi,
243 728 373 808 propter
395 745 474 808 qnos
502 725 682 792 liberandos
716 726 871 792 mediator
903 727 1035 791 effeetus
1068 730 1127 802 est,
1160 727 1191 791 in
1224 747 1292 810 per-

144 835 243 913 petua
266 833 319 896 uel
343 832 443 896 earnis
468 835 568 896 morte
592 835 797 898 remanerent.
822 831 957 897 Proinde
981 833 1186 898 mediatorem
1211 832 1293 898 inter

69 999 73 1010 ,
145 957 204 1001 nos
228 940 261 1003 et
284 937 388 1002 Deum
412 942 444 1002 at
467 939 691 1004 mortalitatem
716 939 831 1003 babere
855 940 996 1020 oportuit
1018 943 1235 1004 transeuntem
1261 943 1294 1003 et

112 1071 125 1110 a
144 1043 375 1110 beatitudinem
399 1049 645 1127 permanentem,
670 1049 707 1110 ut
725 1045 840 1127 perid,
861 1046 945 1128 quod
963 1047 1086 1125 transit,
1105 1051 1294 1130 congrueret

143 1151 320 1228 morituris,
346 1155 378 1216 et
401 1151 439 1216 ad
464 1152 506 1230 id,
537 1152 622 1234 quod
653 1155 827 1234 permanet,
861 1153 1046 1218 transferret
1078 1171 1113 1217 er
1145 1153 1291 1217 mortuis.

143 1259 225 1322 Boni
250 1257 350 1342 igitur
373 1259 477 1342 angeli
500 1259 582 1322 inter
605 1259 737 1324 miseros
756 1259 906 1324 mortales
928 1263 960 1324 et
977 1260 1088 1324 beatos
1107 1260 1291 1324 inmortales

144 1364 242 1428 medii
267 1385 422 1430 essenon
448 1369 591 1448 possunt,
616 1366 691 1449 quia
712 1365 775 1449 ipsi
800 1384 925 1448 quoqne
950 1373 982 1430 et
1004 1367 1089 1430 beati
1118 1371 1150 1431 et
1177 1367 1292 1430 inmor-

143 1470 226 1536 tales
252 1476 340 1547 snnt;
375 1477 510 1555 pessunt
534 1475 641 1537 antem
665 1473 762 1538 medii
786 1491 856 1536 esse
884 1473 989 1556 angeli
1020 1473 1106 1551 mali,
1141 1473 1215 1554 quia
1246 1473 1291 1535 in-

101 1605 126 1644 ro
145 1579 297 1644 mortales
321 1584 396 1644 sunt
419 1598 491 1643 enm
515 1579 590 1656 illis,
613 1579 722 1644 miseri
746 1598 820 1644 cum
843 1579 925 1644 istis.
958 1580 1017 1644 His
1042 1580 1218 1644 contrarius
1243 1583 1294 1643 est

144 1685 301 1750 mediator
319 1685 431 1763 bonus,
451 1685 505 1768 qni
519 1685 673 1751 aduersus
689 1705 796 1752 eorum
810 1687 1068 1750 inmortalitatem
1085 1690 1117 1750 et
1130 1685 1291 1750 miseriam

145 1796 178 1856 et
201 1791 345 1857 mortalis
371 1811 440 1856 esse
464 1793 504 1856 ad
528 1797 655 1876 tempus
684 1794 798 1870 noluit,
833 1799 864 1857 et
897 1794 1009 1858 beatus
1042 1793 1072 1856 in
1107 1793 1292 1857 aeternitate

144 1899 315 1980 persistere
338 1899 457 1981 potuit3
483 1918 519 1963 ao
539 1901 585 1965 sie
605 1920 659 1964 eos
680 1904 711 1964 et
728 1900 914 1964 inmortales
934 1901 1087 1983 superbos
1108 1903 1139 1964 et
1157 1899 1291 1963 miseros

145 2007 266 2083 noxios,
290 2025 328 2070 ne
351 2005 590 2070 inmortalitatis
613 2007 763 2072 iaetantia
787 2007 975 2071 seducerent
997 2005 1035 2070 ad
1063 2007 1234 2083 miseriam,
1260 2011 1292 2070 et

102 2139 127 2178 ra
145 2131 222 2177 snas
251 2111 362 2176 mortis
391 2111 572 2177 bumilitate
601 2115 632 2176 et
661 2133 736 2177 suae
767 2113 975 2178 beatitudinis
1007 2112 1204 2196 benignitate
1237 2113 1290 2177 de·

145 2219 262 2284 struxit
293 2219 406 2297 ineis,
432 2237 565 2302 quorum
599 2219 694 2284 eorda
725 2240 779 2302 per
812 2239 901 2284 suam
935 2220 1030 2283 fidem
1062 2219 1218 2284 mundans
1252 2220 1290 2284 ab

143 2325 275 2391 illorum
298 2326 542 2390 inmundissime
567 2327 781 2392 dominatione
803 2327 964 2391 liberauit.

189 2433 296 2498 Homo
320 2434 427 2516 itaque
450 2433 595 2498 mortalis
620 2435 652 2497 et
674 2433 771 2498 miser
794 2435 885 2517 longe
910 2433 1074 2497 seiunctus
1105 2432 1142 2496 ab
1174 2433 1289 2497 inmor-

145 2539 264 2604 talibus
289 2544 322 2603 et
344 2539 446 2604 beatis
471 2538 548 2621 quid
572 2538 669 2622 eligat
692 2540 843 2618 medium,
872 2559 927 2621 per
955 2539 1037 2620 quod
1069 2539 1290 2603 inmortalitati

102 2672 128 2712 ao
146 2653 178 2710 et
199 2645 391 2711 beatitudini
414 2646 600 2728 copuletur?
625 2645 717 2725 Quod
741 2647 844 2729 possit
868 2646 1023 2711 delectare
1046 2647 1076 2710 in
1102 2645 1288 2710 daemonum

146 2752 383 2828 inmortalitate,
407 2751 558 2816 miserum
584 2755 646 2826 est3
681 2751 764 2833 quod
793 2755 902 2836 posset
930 2751 1085 2816 offendere
1114 2751 1146 2814 in
1171 2750 1290 2816 Christi

145 2859 351 2936 mortalitate,
376 2859 438 2922 iam
462 2877 524 2922 non
549 2861 607 2923 est.
633 2858 680 2923 lbi
705 2879 779 2943 ergo
808 2859 949 2924 cauenda
977 2861 1027 2922 eat
1054 2857 1181 2922 miseria
1209 2875 1289 2922 sem-

146 2969 282 3048 piterna;
317 2965 369 3030 bio
397 2985 481 3030 mors
514 2966 654 3030 timenda
687 2985 746 3030 non
781 2970 839 3045 est,
874 2985 954 3046 quae
988 2985 1048 3028 non
1082 2983 1151 3028 esse
1184 2965 1292 3048 potuit

146 3073 346 3155 sempiterna,
371 3075 402 3136 et
425 3071 588 3136 beatitudo
613 3071 746 3136 amanda
770 3075 819 3136 ast
842 3072 1042 3155 sempiterna.
1090 3071 1139 3134 Ad
1167 3071 1227 3134 hoe
1256 3089 1290 3134 se

100 3206 128 3246 aa
146 3180 263 3261 qnippe
287 3178 459 3261 interponit
483 3179 606 3244 medius
629 3177 806 3243 inmortalis
835 3181 867 3242 et
895 3179 1000 3256 miser,
1035 3182 1072 3241 ut
1103 3177 1142 3241 ad
1176 3177 1289 3242 inmor-

145 3287 302 3352 talitatem
327 3285 453 3350 beatam
477 3285 610 3350 transire
635 3303 695 3349 non
724 3285 816 3362 sinat,
847 3285 994 3366 quoniam
1027 3283 1171 3366 persistit
1204 3283 1289 3365 qnod

181 3591 319 3646 lfrnetns
340 3595 415 3644 esto
488 3589 699 3644 meditationisd
752 3589 955 3644 bliberandoe
1009 3589 1221 3656 bremanerent
1243 3591 1290 3641 ent

143 3727 175 3762 m.
196 3708 271 3770 2,0
342 3705 542 3776 lopertutC
612 3709 685 3760 det
704 3706 784 3762 om.l
874 3722 920 3775 per
939 3704 999 3758 ida
1088 3703 1233 3757 transferre
1256 3702 1288 3756 0¹

144 3801 177 3850 14
197 3814 244 3866 per
262 3796 478 3850 immortalitatis
497 3795 653 3850 iactantiam
673 3812 687 3848 s
767 3794 894 3848 seducere
914 3811 928 3846 e
1000 3799 1027 3846 et
1046 3811 1093 3847 sue
1112 3791 1288 3846 mortalitatis

140 3885 308 3942 humilitate.
328 3887 360 3938 aba
378 3901 462 3954 marg.
484 3888 512 3938 et
530 3901 577 3938 sue
596 3886 690 3938 mortis
709 3883 850 3937 hutilitate
871 3885 947 3948 (sict)
967 3899 981 3937 e
1048 3885 1081 3935 15
1101 3897 1165 3935 suae
1185 3897 1237 3936 om.
1258 3881 1287 3932 o¹

139 3975 266 4029 bonitate
285 3975 467 4042 superscripto
486 3975 499 4026 l
516 3974 687 4043 benignitate
707 3973 737 4040 b;
756 3971 891 4042 dignitate
912 3991 928 4022 α
943 3971 1054 4026 Domb.¹
1127 3969 1289 4024 dextruxite

142 4065 174 4117 16
195 4061 338 4122 mundans.
358 4079 389 4116 ns
409 4079 442 4116 aar
460 4079 486 4115 rn
505 4079 582 4124 corr..
604 4063 625 4115 Ο
716 4063 747 4116 17
768 4079 858 4115 eornm
877 4061 899 4114 e¹
999 4061 1030 4114 18
1050 4077 1086 4118 se.
1106 4058 1289 4126 superscripto

139 4149 392 4216 urrinnando
475 4151 509 4205 20
533 4154 626 4220 posset
646 4167 709 4204 aes
781 4151 813 4204 21
839 4147 1107 4204 inmortalitatemO
1194 4149 1288 4216 posset

141 4239 493 4310 ab¹epsalofDomb.,·
513 4241 600 4310 possit
621 4239 724 4294 ct²zo
792 4241 826 4294 23
847 4257 904 4293 esse
924 4255 977 4292 non
995 4253 1033 4292 eo
1088 4239 1122 4290 24
1142 4235 1255 4290 amande
1275 4251 1290 4288 e

139 4331 239 4401 qnippe
263 4346 327 4383 sev
