3164 4932
260 429 325 492 652
606 426 633 480 S.
661 422 819 478 Aurelii
845 423 1063 493 Augustini

258 617 389 684 rectio
432 621 693 683 mortuorum.
741 616 860 682 Sicut
897 617 999 683 enim
1037 617 1075 681 in
1114 615 1235 681 Adam
1274 636 1410 682 omnes

258 725 500 802 moriuntur,
521 724 580 789 sie
606 729 645 788 et
663 723 885 789 inChristo
905 742 1040 788 omnes
1060 722 1409 800 uiuifieabuntur3

257 832 321 897 iam
345 831 458 914 utique
482 831 514 896 in
538 849 667 914 eernere
692 829 829 914 spiritali
848 829 932 912 quod
951 831 1011 894 erit
1029 829 1059 900 in
1080 829 1226 912 spiritum
1247 829 1411 893 uiuifioan·

256 941 337 1012 tem;
362 956 423 1002 nou
447 937 523 1020 quia
547 956 666 1012 omnes,
691 937 746 1020 qui
770 937 801 1001 in
821 936 923 1001 Adam
946 936 1134 1014 moriuntur,
1158 935 1302 1000 membra
1320 939 1413 1001 erunt

257 1043 377 1109 Christi
396 1043 446 1129 (ex
468 1044 534 1108 illis
559 1045 643 1108 enim
670 1044 896 1126 multoplures
918 1042 1104 1112 secundain
1127 1045 1289 1108 aeternum
1309 1045 1410 1106 morte
1443 1066 1476 1107 ε.

255 1149 464 1237 plectentur);
490 1150 546 1215 sed
565 1150 637 1216 ideo
658 1150 779 1216 dietum
799 1153 849 1214 est
868 1168 1002 1214 omnes
1025 1150 1127 1231 adque
1152 1169 1298 1227 ornnes,
1324 1148 1410 1231 quia,

257 1256 343 1321 siout
370 1275 461 1321 nemo
491 1274 620 1340 eorpore
649 1255 777 1321 animali
805 1255 867 1320 nisi
893 1256 925 1320 in
950 1254 1051 1320 Adam
1079 1257 1224 1333 moritur,
1247 1255 1294 1320 iia
1317 1275 1409 1320 nemo

256 1381 385 1446 corpore
405 1363 541 1447 spiritali
560 1363 621 1428 nisi
639 1362 671 1426 in
692 1361 818 1428 Christo
838 1361 1031 1426 uiuificatur.
1054 1362 1189 1427 Proinde
1209 1379 1409 1444 nequaquam

254 1469 430 1550 putandum
469 1471 519 1534 est
555 1487 612 1533 nos
649 1467 681 1532 in
719 1468 948 1534 resurreetione
985 1469 1049 1532 tale
1082 1487 1196 1553 eorpus
1230 1467 1408 1544 habituros,

256 1576 348 1657 quale
381 1575 493 1640 habuit
525 1575 620 1641 homo
653 1575 775 1658 primus
804 1579 875 1640 ante
902 1579 1083 1659 peecatum3
1117 1593 1174 1640 neo
1201 1573 1292 1652 illud,
1322 1573 1409 1656 quod
1429 1601 1455 1637 ιο

255 1680 376 1745 dietum
406 1685 469 1746 est:
499 1681 642 1762 Qualis
671 1685 871 1760 terrenus,
899 1683 1006 1747 tales
1035 1684 1074 1745 et
1100 1681 1264 1760 terreni,
1295 1699 1409 1746 seeun-

255 1786 331 1850 dum
358 1787 391 1850 id
419 1787 680 1873 intellegendum,
709 1788 794 1870 quod
822 1789 942 1854 faotum
971 1793 1021 1853 est
1048 1787 1241 1854 admissione
1268 1789 1407 1870 peccati.

253 1892 324 1957 Non
362 1893 446 1959 enim
482 1895 725 1960 existimandum
764 1900 814 1960 est
851 1915 922 1962 eum
960 1896 1059 1978 prius,
1097 1913 1192 1977 quam
1228 1899 1407 1978 peccasset,

254 1999 395 2081 spiritale
424 2019 538 2084 eorpus
567 2001 717 2068 habuisse
746 2005 778 2067 et
804 2003 927 2086 peceati
951 2001 1062 2067 merito
1086 2002 1118 2066 in
1143 2002 1276 2066 animale
1300 2003 1405 2066 muta-

254 2110 333 2171 tum.
376 2107 421 2173 Ut
448 2108 531 2172 enim
560 2108 620 2174 hoe
647 2111 789 2190 putetur,
818 2128 929 2193 parum
957 2109 1171 2174 adtenduntur
1197 2109 1279 2174 tanti
1306 2107 1407 2172 uerba
1427 2135 1453 2174 ιε

253 2212 405 2292 doctoris,
429 2215 486 2296 qui
513 2215 571 2280 ait:
596 2213 637 2280 Si
667 2221 729 2280 est
757 2235 903 2300 eorpus
929 2216 1112 2295 animale,
1137 2218 1200 2280 est
1222 2219 1261 2279 et
1284 2213 1406 2297 spiri-

252 2319 352 2396 tale3
377 2321 437 2385 sie
461 2325 500 2386 et
523 2322 722 2405 seriptum
747 2325 826 2386 est:
851 2321 1004 2386 Faetus
1029 2325 1090 2387 ost
1109 2322 1263 2405 primus
1283 2321 1403 2386 homo

252 2426 374 2492 Adam
402 2427 439 2491 in
468 2429 638 2492 animam
663 2428 880 2494 uiuentem.
917 2427 1083 2511 Numquid
1111 2428 1171 2492 hoo
1194 2430 1270 2511 post
1290 2445 1404 2509 peeca-

251 2535 320 2596 tum
344 2532 465 2598 faetum
489 2538 548 2612 est,
573 2553 646 2600 oum
670 2535 799 2600 sitista
822 2535 959 2600 hominis
982 2535 1084 2619 prima
1107 2534 1256 2612 conditio,
1280 2534 1320 2599 de
1339 2552 1404 2616 qua

250 2639 455 2706 beatissimus
474 2625 595 2706 Paulus
619 2640 658 2706 ad
682 2660 796 2725 eorpus
818 2642 952 2706 animale
971 2641 1212 2706 monstrandum
1231 2641 1291 2706 hoo
1310 2641 1403 2705 teati-
1417 2665 1446 2706 ro

250 2745 390 2810 menium
413 2747 496 2830 legis
520 2746 698 2813 adsumsit?

287 2989 434 3043 ianimali
451 3007 537 3059 damae
556 2989 595 3044 ad
612 3007 723 3061 corpore
743 3008 794 3046 om.
815 2991 836 3046 1¹
897 2991 1136 3047 8niuifioauturi
1190 2991 1224 3046 10
1243 2993 1351 3061 qualerir
1376 2989 1403 3044 V

250 3093 372 3146 nequeo
446 3080 478 3132 12
497 3078 567 3132 illud
585 3079 673 3132 intell.
694 3083 770 3134 estu
851 3081 1022 3134 ammissione
1045 3079 1089 3133 Vl
1180 3059 1353 3134 utmorem}
1376 3079 1404 3134 V

251 3167 284 3220 16
304 3169 332 3220 et
349 3182 411 3235 arcp.
427 3167 502 3224 uod
574 3184 670 3238 corpus
689 3169 813 3238 spiritale
834 3169 844 3222 i
899 3169 931 3223 17
951 3169 991 3224 sio
1009 3174 1039 3222 et
1063 3168 1106 3222 Vr
1110 3186 1132 3237 p
1144 3176 1207 3236 nf;
1224 3169 1296 3224 sieut
1313 3169 1399 3234 adm

249 3253 320 3308 sicut
339 3257 395 3308 eie
466 3255 567 3324 primus
586 3255 666 3308 homo
686 3255 772 3310 Adam
791 3256 879 3310 faetus
899 3259 970 3310 esto
1042 3257 1144 3326 primus
1158 3273 1209 3312 om.
1225 3256 1246 3309 1¹
1303 3259 1336 3313 18
1356 3263 1400 3312 est

249 3331 321 3419 neco.
342 3341 481 3414 faetump
557 3344 589 3398 19
608 3343 696 3398 iactus
716 3352 739 3412 f
807 3345 957 3414 sopanus
980 3344 1102 3399 Vabel
1106 3345 1200 3414 1)αή
1219 3345 1362 3415 apostolus
1383 3365 1399 3402 v
