3136 4928
248 393 312 458 498
594 391 621 446 S.
649 391 806 446 Aurelii
834 391 1053 463 Augustini

247 585 466 668 incorporeum
486 585 680 667 incorporeo,
697 603 791 666 qnam
812 603 925 668 corpus
944 584 1128 668 incorporeo
1148 585 1325 652 cohaerere.
1349 585 1398 650 An

246 693 327 758 forte
349 711 410 756 uos
434 691 565 757 offendit
582 691 755 756 inusitatus
775 691 914 774 corporis
933 695 1043 774 partus
1062 711 1097 755 er
1116 691 1262 776 uirgine?
1286 691 1399 774 Neque

246 799 306 866 hcc
334 798 430 863 debet
456 797 622 872 offendere,
651 797 748 862 immo
776 799 886 879 petius
914 797 954 862 ad
981 797 1132 882 pietatem
1161 797 1400 880 suscipiendam

247 906 340 970 debet
363 905 528 983 adducere,
549 904 634 986 quod
657 904 812 969 mirabilis
836 904 1024 969 mirabiliter
1046 908 1141 970 natus
1165 908 1224 969 est.
1248 905 1298 968 An
1323 923 1399 970 uero

246 1012 331 1096 quod
357 1011 464 1094 ipsum
492 1029 606 1094 corpus
634 1014 736 1076 morte
765 1011 946 1092 depositum
974 1014 1006 1076 et
1032 1010 1065 1076 in
1093 1011 1208 1076 melius
1240 1029 1398 1076 resurrec·
1434 1037 1449 1076 ι

245 1119 331 1184 tione
364 1120 524 1182 mutatum
552 1117 615 1181 iam
643 1116 883 1200 incorruptibile
911 1137 1013 1200 neque
1042 1117 1174 1182 mortale
1202 1117 1232 1181 in
1263 1137 1403 1201 superna

246 1224 404 1298 subuerii,
428 1224 489 1288 hcc
512 1223 648 1288 fortasse
674 1223 798 1288 credere
822 1223 977 1288 recusatis
1001 1224 1161 1289 intuentes
1185 1223 1402 1308 Porphyrium

245 1332 276 1396 in
305 1330 355 1396 bis
385 1330 465 1414 ipsis
493 1329 594 1407 libris,
619 1349 655 1394 er
683 1330 799 1412 quibus
827 1331 930 1394 multa
953 1330 1058 1414 posui,
1082 1348 1162 1411 quos
1186 1331 1224 1394 de
1249 1349 1400 1415 regressu

246 1438 368 1504 animae
388 1436 526 1520 scripsit,
541 1439 606 1500 tam
626 1436 733 1500 crebro
753 1437 932 1519 praecipere
952 1455 1043 1501 omne
1059 1455 1173 1518 corpus
1189 1455 1261 1501 esse
1274 1437 1403 1522 fugien-

246 1545 393 1620 demut
420 1542 523 1608 anima
550 1543 654 1626 possit
682 1542 775 1607 beata
802 1561 983 1624 permanere
1013 1562 1085 1608 cunr
1109 1543 1198 1607 Dec?
1237 1541 1301 1608 Sed
1328 1544 1401 1626 ipse
1423 1573 1450 1613 ιι

244 1650 352 1732 potius
376 1650 439 1714 ista
462 1649 601 1714 sentiens
621 1649 825 1734 conigendus
844 1649 915 1726 fuit,
934 1650 1120 1732 praesertim
1140 1669 1213 1714 cnm
1233 1649 1272 1713 de
1291 1651 1402 1714 anima

245 1756 354 1820 mundi
385 1756 481 1820 huius
514 1755 653 1820 uisibilis
687 1758 811 1820 ettam
838 1756 977 1841 ingentis
1006 1775 1171 1838 corporeae
1199 1756 1295 1820 molis
1323 1775 1399 1821 cum

243 1863 300 1927 illc
327 1865 393 1926 tam
420 1861 619 1927 incredibilia
647 1863 788 1946 sapiatis.
825 1864 959 1928 Platone
987 1863 1103 1946 qnippe
1127 1866 1255 1928 auctore
1280 1864 1402 1927 animal

244 1988 315 2034 esse
340 1969 445 2033 dicitis
468 1969 622 2033 mundum
646 1973 678 2032 et
701 1969 817 2034 animal
835 1969 1067 2048 beatissimum,
1092 1969 1176 2050 quod
1199 1969 1301 2033 uultis
1325 1987 1401 2033 esse

245 2077 342 2142 etiam
370 2076 608 2158 sempiternum.
643 2073 712 2154 Quo
736 2076 830 2142 modo
855 2095 929 2160 ergo
953 2095 1186 2159 necunquam
1210 2077 1357 2140 soluetur
1380 2095 1401 2141 a
1423 2103 1452 2142 ιι

245 2201 384 2264 corpore,
417 2200 475 2246 nec
507 2201 657 2264 umquam
691 2183 811 2247 carebit
843 2182 1050 2262 beatitudine,
1084 2183 1123 2260 ei,
1156 2184 1195 2246 ut
1225 2183 1320 2247 beata
1354 2184 1402 2246 sii

244 2289 358 2365 anima,
384 2308 497 2370 corpus
526 2289 569 2353 sit
597 2308 687 2353 omne
711 2289 920 2372 fugiendum?
958 2289 1066 2355 Solem
1090 2307 1216 2372 quoque
1239 2289 1340 2354 istum
1366 2293 1403 2355 et

244 2397 349 2460 cetere
372 2395 474 2460 sidera
496 2413 555 2460 non
582 2396 685 2459 solnm
706 2396 735 2459 in
756 2396 845 2461 libris
864 2397 981 2461 uestris
1002 2415 1131 2480 corpora
1150 2415 1220 2460 esse
1239 2397 1401 2475 fatemini,

244 2503 328 2584 quod
357 2502 525 2567 uobiscum
554 2521 663 2567 ornnes
690 2503 833 2569 homines
858 2508 891 2568 et
913 2504 1096 2586 conspicere
1119 2521 1179 2567 non
1205 2506 1403 2568 cunctantur

244 2613 277 2674 et
304 2609 419 2684 dicerc;
449 2628 560 2673 uerum
590 2610 686 2673 etiam
715 2609 836 2688 altiore,
861 2613 898 2674 ιιι
924 2610 1056 2693 putatis,
1081 2609 1193 2692 peritia
1221 2610 1300 2674 baec
1322 2629 1400 2676 esse
1422 2639 1454 2680 ιι

244 2715 394 2780 animalia
420 2715 605 2780 beatissima
633 2715 807 2798 perhibetis
837 2718 869 2780 eb
897 2734 969 2779 cum
993 2715 1043 2779 his
1068 2716 1254 2798 corporibus
1278 2717 1400 2798 sempi-

243 2823 341 2884 terna.
367 2816 450 2898 Quid
474 2839 547 2904 ergo
572 2823 632 2898 est,
652 2820 747 2903 qnod,
768 2839 840 2884 cnm
864 2820 956 2886 uobis
980 2819 1058 2885 fides
1079 2819 1259 2885 Christiana
1282 2822 1400 2887 suada·

242 2930 305 3004 tur,
324 2929 400 2990 tunc
420 2925 656 3002 eminiscimini,
673 2931 729 2991 ant
745 2925 889 3012 ignorare
907 2946 967 2992 uos
986 2926 1117 3010 fingitis,
1135 2926 1211 3008 quid
1230 2925 1400 3009 disputare

243 3035 299 3096 aut
326 3032 437 3098 docere
466 3032 618 3098 soleatis?
643 3032 727 3112 Quid
751 3053 865 3099 causae
889 3037 948 3113 est,
973 3053 1056 3116 quur
1077 3037 1206 3115 propter
1229 3034 1400 3116 opiniones

242 3143 377 3216 uestras,
399 3159 476 3222 quas
500 3159 559 3206 uos
582 3140 644 3223 ipsi
668 3140 870 3224 obpugnaiis,
896 3140 1067 3206 Christiani
1092 3159 1162 3206 csse
1185 3141 1306 3216 nolitis,
1329 3141 1399 3206 nisi
1421 3173 1452 3212 ιι

244 3245 317 3326 quia
346 3245 491 3310 Christus
524 3246 687 3311 humiliter
720 3247 808 3311 uenit
835 3253 868 3312 et
895 3266 954 3312 uos
983 3232 1112 3330 superbi
1141 3247 1239 3312 estis?
1278 3246 1400 3326 Qualia

243 3354 423 3416 sanctornm
461 3371 592 3433 corpora
623 3353 654 3417 in
691 3354 918 3419 resurrectione
951 3354 1058 3418 futura
1090 3353 1164 3431 sini,
1197 3349 1305 3436 potest
1338 3354 1400 3418 uli-

242 3459 360 3538 quanto
389 3459 608 3540 scrupulosius
636 3459 717 3522 inter·
741 3459 991 3526 Christianarum
1019 3459 1246 3542 scripturarum
1276 3459 1398 3526 doctis·

242 3561 341 3627 simos
370 3561 539 3646 disputari;
568 3566 676 3629 futura
698 3569 803 3630 tamen
828 3566 1020 3649 sempiterna
1041 3565 1171 3630 minime
1195 3565 1398 3646 dubitemne,

335 3737 366 3790 13
387 3735 455 3791 Tim.
475 3755 500 3806 p.
521 3738 556 3792 30
575 3755 634 3807 sqq.

280 3841 511 3911 lcorporeumb¹
584 3861 664 3915 quam
684 3846 986 3915 corpusincorp.om.e
1040 3846 1168 3901 8iuisb
1222 3845 1399 3916 9pciperee

244 3931 276 3984 13
296 3933 408 4002 quippe]
430 3938 554 3986 cenem.
575 3937 673 4002 2eup.
694 3935 777 3988 lius
841 3937 874 3989 16
892 3936 983 3990 anima
1001 3934 1083 3990 beata
1102 3935 1172 3990 site
1241 3936 1274 3990 17
1295 3951 1396 4006 corpus

242 4020 657 4089 eitpe5corp.esto1)cmb.
714 4023 746 4076 18
766 4039 926 4092 corporeae
982 4025 1014 4078 19
1034 4025 1219 4094 prospiceres
1273 4025 1307 4078 21
1327 4041 1396 4094 per-

241 4107 399 4162 hibeatisc
506 4109 541 4164 24
565 4109 680 4181 solestia,
705 4128 722 4164 a
744 4128 831 4174 ιιαιο,
856 4129 876 4170 c,
977 4113 1010 4168 27
1035 4113 1176 4182 aliquantu
1200 4113 1398 4181 dipsades,-

241 4195 386 4265 aliquaudo
407 4213 472 4252 aco
536 4200 569 4252 2¹3
589 4215 627 4267 sq.
648 4199 780 4270 disputari
800 4206 889 4254 utrum
908 4201 989 4271 quale
1007 4202 1114 4257 ommam
1132 4203 1228 4256 cetere
1247 4219 1266 4254 ιι
1339 4203 1396 4257 mi·

241 4301 346 4338 nimae
