<?xml version="1.0" encoding="UTF-8"?>
<!DOCTYPE html PUBLIC "-//W3C//DTD XHTML 1.0 Transitional//EN"
    "http://www.w3.org/TR/xhtml1/DTD/xhtml1-transitional.dtd">
<html xmlns="http://www.w3.org/1999/xhtml" xml:lang="en" lang="en">
 <head>
  <title>
</title>
<meta http-equiv="Content-Type" content="text/html;charset=utf-8" />
  <meta name='ocr-system' content='tesseract 3.04.00' />
  <meta name='ocr-capabilities' content='ocr_page ocr_carea ocr_par ocr_line ocrx_word'/>
</head>
<body>
  <div class='ocr_page' id='page_1' title='image "./corpusscriptoru20wiengoog_0480.png"; bbox 0 0 3136 4934; ppageno 0'>
   <div class='ocr_carea' id='block_1_1' title="bbox 399 447 1291 520">
    <p class='ocr_par' dir='ltr' id='par_1_1' title="bbox 399 447 1291 520">
     <span class='ocr_line' id='line_1_1' title="bbox 399 447 1291 520; baseline 0.009 -19"><span class='ocrx_word' id='word_1_1' title='bbox 399 447 449 501; x_wconf 90' lang='lat' dir='ltr'>De</span> <span class='ocrx_word' id='word_1_2' title='bbox 478 449 651 502; x_wconf 83' lang='lat' dir='ltr'>ciuitate</span> <span class='ocrx_word' id='word_1_3' title='bbox 680 449 741 502; x_wconf 90' lang='lat' dir='ltr'>dei</span> <span class='ocrx_word' id='word_1_4' title='bbox 769 449 833 502; x_wconf 93' lang='lat' dir='ltr'>lib.</span> <span class='ocrx_word' id='word_1_5' title='bbox 857 451 888 504; x_wconf 89' lang='lat' dir='ltr'>X.</span> <span class='ocrx_word' id='word_1_6' title='bbox 919 468 992 520; x_wconf 89' lang='lat' dir='ltr'>cap.</span> <span class='ocrx_word' id='word_1_7' title='bbox 1017 453 1041 506; x_wconf 89' lang='lat'>3.</span> <span class='ocrx_word' id='word_1_8' title='bbox 1225 454 1291 518; x_wconf 79' lang='grc'>449</span> 
     </span>
    </p>
   </div>
   <div class='ocr_carea' id='block_1_2' title="bbox 114 643 1292 1368">
    <p class='ocr_par' dir='ltr' id='par_1_2' title="bbox 114 643 1292 1368">
     <span class='ocr_line' id='line_1_2' title="bbox 145 643 1292 730; baseline 0.005 -24"><span class='ocrx_word' id='word_1_9' title='bbox 145 643 189 706; x_wconf 90' lang='lat' dir='ltr'>de</span> <span class='ocrx_word' id='word_1_10' title='bbox 228 643 391 708; x_wconf 87' lang='lat' dir='ltr'>lumine.</span> <span class='ocrx_word' id='word_1_11' title='bbox 433 645 530 708; x_wconf 79' lang='lat' dir='ltr'>Erat</span> <span class='ocrx_word' id='word_1_12' title='bbox 565 645 700 708; x_wconf 90' lang='lat' dir='ltr'>lumen</span> <span class='ocrx_word' id='word_1_13' title='bbox 739 664 888 722; x_wconf 89' lang='lat' dir='ltr'>uerum,</span> <span class='ocrx_word' id='word_1_14' title='bbox 926 646 1030 730; x_wconf 90' lang='lat' dir='ltr'>quod</span> <span class='ocrx_word' id='word_1_15' title='bbox 1067 647 1292 712; x_wconf 76' lang='lat' dir='ltr'><strong>inluminat</strong></span> 
     </span>
     <span class='ocr_line' id='line_1_3' title="bbox 145 750 1290 819; baseline 0.005 -6"><span class='ocrx_word' id='word_1_16' title='bbox 145 769 296 814; x_wconf 89' lang='lat' dir='ltr'>omnem</span> <span class='ocrx_word' id='word_1_17' title='bbox 328 750 527 814; x_wconf 91' lang='lat' dir='ltr'>hominem</span> <span class='ocrx_word' id='word_1_18' title='bbox 558 751 791 816; x_wconf 91' lang='lat' dir='ltr'>uenientem</span> <span class='ocrx_word' id='word_1_19' title='bbox 819 753 856 816; x_wconf 90' lang='lat' dir='ltr'>in</span> <span class='ocrx_word' id='word_1_20' title='bbox 885 753 989 817; x_wconf 91' lang='lat' dir='ltr'>hunc</span> <span class='ocrx_word' id='word_1_21' title='bbox 1016 755 1212 818; x_wconf 89' lang='lat' dir='ltr'>mundum.</span> <span class='ocrx_word' id='word_1_22' title='bbox 1255 756 1290 819; x_wconf 93' lang='lat' dir='ltr'>Iu</span> 
     </span>
     <span class='ocr_line' id='line_1_4' title="bbox 145 856 1292 938; baseline 0.003 -18"><span class='ocrx_word' id='word_1_23' title='bbox 145 877 208 938; x_wconf 86' lang='lat' dir='ltr'>qua</span> <span class='ocrx_word' id='word_1_24' title='bbox 232 856 406 921; x_wconf 84' lang='lat' dir='ltr'>differentia</span> <span class='ocrx_word' id='word_1_25' title='bbox 436 857 514 920; x_wconf 88' lang='lat' dir='ltr'>satis</span> <span class='ocrx_word' id='word_1_26' title='bbox 543 859 722 922; x_wconf 81' lang='lat' dir='ltr'>ostenditur</span> <span class='ocrx_word' id='word_1_27' title='bbox 749 859 884 922; x_wconf 88' lang='lat' dir='ltr'>animam</span> <span class='ocrx_word' id='word_1_28' title='bbox 914 860 1096 924; x_wconf 81' lang='lat' dir='ltr'>rationalem</span> <span class='ocrx_word' id='word_1_29' title='bbox 1126 863 1178 926; x_wconf 92' lang='lat' dir='ltr'>uel</span> <span class='ocrx_word' id='word_1_30' title='bbox 1201 861 1292 926; x_wconf 89' lang='lat' dir='ltr'>intel-</span> 
     </span>
     <span class='ocr_line' id='line_1_5' title="bbox 143 964 1290 1050; baseline 0.003 -21"><span class='ocrx_word' id='word_1_31' title='bbox 143 964 326 1035; x_wconf 81' lang='lat' dir='ltr'>lectualem,</span> <span class='ocrx_word' id='word_1_32' title='bbox 351 964 452 1045; x_wconf 89' lang='lat' dir='ltr'>qualis</span> <span class='ocrx_word' id='word_1_33' title='bbox 478 966 544 1027; x_wconf 89' lang='lat' dir='ltr'>erat</span> <span class='ocrx_word' id='word_1_34' title='bbox 566 965 597 1028; x_wconf 91' lang='lat' dir='ltr'>in</span> <span class='ocrx_word' id='word_1_35' title='bbox 621 965 771 1041; x_wconf 84' lang='lat' dir='ltr'>Iohanne,</span> <span class='ocrx_word' id='word_1_36' title='bbox 796 965 856 1029; x_wconf 90' lang='lat' dir='ltr'>sibi</span> <span class='ocrx_word' id='word_1_37' title='bbox 881 965 988 1030; x_wconf 90' lang='lat' dir='ltr'>lumen</span> <span class='ocrx_word' id='word_1_38' title='bbox 1012 986 1082 1032; x_wconf 90' lang='lat' dir='ltr'>esse</span> <span class='ocrx_word' id='word_1_39' title='bbox 1106 987 1166 1033; x_wconf 90' lang='lat' dir='ltr'>non</span> <span class='ocrx_word' id='word_1_40' title='bbox 1186 987 1290 1050; x_wconf 88' lang='lat' dir='ltr'>posse,</span> 
     </span>
     <span class='ocr_line' id='line_1_6' title="bbox 114 1069 1292 1157; baseline 0.003 -22"><span class='ocrx_word' id='word_1_41' title='bbox 114 1071 201 1135; x_wconf 80' lang='lat' dir='ltr'>ssetl</span> <span class='ocrx_word' id='word_1_42' title='bbox 226 1069 358 1134; x_wconf 90' lang='lat' dir='ltr'>alterius</span> <span class='ocrx_word' id='word_1_43' title='bbox 383 1072 448 1134; x_wconf 85' lang='lat' dir='ltr'>ueri</span> <span class='ocrx_word' id='word_1_44' title='bbox 477 1070 607 1134; x_wconf 91' lang='lat' dir='ltr'>luminis</span> <span class='ocrx_word' id='word_1_45' title='bbox 635 1072 877 1154; x_wconf 73' lang='lat' dir='ltr'>participatione</span> <span class='ocrx_word' id='word_1_46' title='bbox 905 1073 1020 1137; x_wconf 89' lang='lat' dir='ltr'>lucere.</span> <span class='ocrx_word' id='word_1_47' title='bbox 1068 1073 1137 1140; x_wconf 90' lang='lat' dir='ltr'>Hoc</span> <span class='ocrx_word' id='word_1_48' title='bbox 1165 1079 1197 1139; x_wconf 93' lang='lat' dir='ltr'>et</span> <span class='ocrx_word' id='word_1_49' title='bbox 1223 1075 1292 1157; x_wconf 90' lang='lat' dir='ltr'>ipse</span> 
     </span>
     <span class='ocr_line' id='line_1_7' title="bbox 144 1177 1290 1261; baseline 0.003 -19"><span class='ocrx_word' id='word_1_50' title='bbox 144 1178 301 1243; x_wconf 89' lang='lat' dir='ltr'>lohannes</span> <span class='ocrx_word' id='word_1_51' title='bbox 331 1177 458 1255; x_wconf 76' lang='lat' dir='ltr'>latetur,</span> <span class='ocrx_word' id='word_1_52' title='bbox 491 1178 545 1241; x_wconf 92' lang='lat' dir='ltr'>ubi</span> <span class='ocrx_word' id='word_1_53' title='bbox 577 1179 604 1241; x_wconf 92' lang='lat' dir='ltr'>ei</span> <span class='ocrx_word' id='word_1_54' title='bbox 631 1179 798 1261; x_wconf 90' lang='lat' dir='ltr'>perhibens</span> <span class='ocrx_word' id='word_1_55' title='bbox 829 1179 1046 1244; x_wconf 90' lang='lat' dir='ltr'>testimonium</span> <span class='ocrx_word' id='word_1_56' title='bbox 1078 1181 1168 1245; x_wconf 85' lang='lat' dir='ltr'>dicit:</span> <span class='ocrx_word' id='word_1_57' title='bbox 1211 1181 1290 1246; x_wconf 89' lang='lat' dir='ltr'>Nos</span> 
     </span>
     <span class='ocr_line' id='line_1_8' title="bbox 146 1283 1017 1368; baseline 0.001 -19"><span class='ocrx_word' id='word_1_58' title='bbox 146 1304 281 1350; x_wconf 87' lang='lat' dir='ltr'>omnes</span> <span class='ocrx_word' id='word_1_59' title='bbox 308 1285 351 1349; x_wconf 90' lang='lat' dir='ltr'>de</span> <span class='ocrx_word' id='word_1_60' title='bbox 375 1283 636 1367; x_wconf 89' lang='lat' dir='ltr'>plenitudiue</span> <span class='ocrx_word' id='word_1_61' title='bbox 661 1285 749 1349; x_wconf 87' lang='lat' dir='ltr'>eius</span> <span class='ocrx_word' id='word_1_62' title='bbox 774 1287 1017 1368; x_wconf 88' lang='lat' dir='ltr'>accepimus.</span> 
     </span>
    </p>
   </div>
   <div class='ocr_carea' id='block_1_3' title="bbox 610 1477 826 1543">
    <p class='ocr_par' dir='ltr' id='par_1_3' title="bbox 610 1477 826 1543">
     <span class='ocr_line' id='line_1_9' title="bbox 610 1477 826 1543; baseline 0 -1"><span class='ocrx_word' id='word_1_63' title='bbox 610 1477 745 1543; x_wconf 81' lang='lat' dir='ltr'><strong>CAPUT</strong></span> <span class='ocrx_word' id='word_1_64' title='bbox 769 1478 826 1542; x_wconf 85' lang='lat' dir='ltr'><strong>III.</strong></span> 
     </span>
    </p>
   </div>
   <div class='ocr_carea' id='block_1_4' title="bbox 102 1620 1291 1916">
    <p class='ocr_par' dir='ltr' id='par_1_4' title="bbox 102 1620 1291 1916">
     <span class='ocr_line' id='line_1_10' title="bbox 144 1620 1291 1704; baseline 0.003 -20"><span class='ocrx_word' id='word_1_65' title='bbox 144 1621 199 1684; x_wconf 90' lang='lat' dir='ltr'>De</span> <span class='ocrx_word' id='word_1_66' title='bbox 222 1639 317 1684; x_wconf 90' lang='lat' dir='ltr'>uero</span> <span class='ocrx_word' id='word_1_67' title='bbox 342 1620 412 1685; x_wconf 89' lang='lat' dir='ltr'>Dei</span> <span class='ocrx_word' id='word_1_68' title='bbox 438 1620 564 1694; x_wconf 91' lang='lat' dir='ltr'>cultu,</span> <span class='ocrx_word' id='word_1_69' title='bbox 590 1640 607 1682; x_wconf 87' lang='lat' dir='ltr'>n</span> <span class='ocrx_word' id='word_1_70' title='bbox 631 1639 706 1702; x_wconf 90' lang='lat' dir='ltr'>quo</span> <span class='ocrx_word' id='word_1_71' title='bbox 731 1620 948 1697; x_wconf 75' lang='lat' dir='ltr'>Platonici,</span> <span class='ocrx_word' id='word_1_72' title='bbox 974 1623 1160 1704; x_wconf 91' lang='lat' dir='ltr'>quamuis</span> <span class='ocrx_word' id='word_1_73' title='bbox 1186 1643 1291 1688; x_wconf 86' lang='lat' dir='ltr'>area-</span> 
     </span>
     <span class='ocr_line' id='line_1_11' title="bbox 102 1726 1290 1800; baseline 0.005 -11"><span class='ocrx_word' id='word_1_74' title='bbox 102 1733 273 1792; x_wconf 76' lang='lat' dir='ltr'>rotoram</span> <span class='ocrx_word' id='word_1_75' title='bbox 306 1727 602 1791; x_wconf 87' lang='lat' dir='ltr'>uniuersitatis</span> <span class='ocrx_word' id='word_1_76' title='bbox 636 1726 933 1800; x_wconf 77' lang='lat' dir='ltr'>intellexerint,</span> <span class='ocrx_word' id='word_1_77' title='bbox 975 1728 1195 1794; x_wconf 89' lang='lat' dir='ltr'>deuiarunt</span> <span class='ocrx_word' id='word_1_78' title='bbox 1232 1751 1290 1795; x_wconf 90' lang='lat' dir='ltr'>co-</span> 
     </span>
     <span class='ocr_line' id='line_1_12' title="bbox 143 1831 1288 1916; baseline 0.003 -17"><span class='ocrx_word' id='word_1_79' title='bbox 143 1833 264 1899; x_wconf 89' lang='lat' dir='ltr'>lendo</span> <span class='ocrx_word' id='word_1_80' title='bbox 290 1832 457 1916; x_wconf 85' lang='lat' dir='ltr'>angelos</span> <span class='ocrx_word' id='word_1_81' title='bbox 483 1851 552 1896; x_wconf 92' lang='lat' dir='ltr'>seu</span> <span class='ocrx_word' id='word_1_82' title='bbox 575 1831 700 1896; x_wconf 88' lang='lat' dir='ltr'>bonos</span> <span class='ocrx_word' id='word_1_83' title='bbox 726 1851 796 1895; x_wconf 89' lang='lat' dir='ltr'>seu</span> <span class='ocrx_word' id='word_1_84' title='bbox 819 1832 946 1896; x_wconf 88' lang='lat' dir='ltr'>malos</span> <span class='ocrx_word' id='word_1_85' title='bbox 966 1833 1117 1899; x_wconf 88' lang='lat' dir='ltr'>honore</span> <span class='ocrx_word' id='word_1_86' title='bbox 1137 1836 1288 1903; x_wconf 87' lang='lat' dir='ltr'>diuino.</span> 
     </span>
    </p>
   </div>
   <div class='ocr_carea' id='block_1_5' title="bbox 99 1972 1290 3547">
    <p class='ocr_par' dir='ltr' id='par_1_5' title="bbox 144 1972 1290 2272">
     <span class='ocr_line' id='line_1_13' title="bbox 189 1972 1290 2056; baseline 0.005 -20"><span class='ocrx_word' id='word_1_87' title='bbox 189 1972 277 2052; x_wconf 83' lang='lat' dir='ltr'>Quae</span> <span class='ocrx_word' id='word_1_88' title='bbox 303 1993 373 2037; x_wconf 90' lang='lat' dir='ltr'>eum</span> <span class='ocrx_word' id='word_1_89' title='bbox 397 1973 444 2037; x_wconf 90' lang='lat' dir='ltr'>ita</span> <span class='ocrx_word' id='word_1_90' title='bbox 462 1974 534 2047; x_wconf 90' lang='lat' dir='ltr'>sint,</span> <span class='ocrx_word' id='word_1_91' title='bbox 561 1973 588 2036; x_wconf 91' lang='lat' dir='ltr'>si</span> <span class='ocrx_word' id='word_1_92' title='bbox 611 1972 768 2036; x_wconf 85' lang='lat' dir='ltr'>Platonici</span> <span class='ocrx_word' id='word_1_93' title='bbox 788 1973 840 2037; x_wconf 88' lang='lat' dir='ltr'>uel</span> <span class='ocrx_word' id='word_1_94' title='bbox 860 1973 1049 2056; x_wconf 85' lang='lat' dir='ltr'>quicumque</span> <span class='ocrx_word' id='word_1_95' title='bbox 1069 1975 1120 2039; x_wconf 91' lang='lat' dir='ltr'>alii</span> <span class='ocrx_word' id='word_1_96' title='bbox 1141 1976 1204 2041; x_wconf 88' lang='lat' dir='ltr'>ista.</span> <span class='ocrx_word' id='word_1_97' title='bbox 1223 1997 1290 2042; x_wconf 93' lang='lat' dir='ltr'>sen-</span> 
     </span>
     <span class='ocr_line' id='line_1_14' title="bbox 144 2079 1290 2167; baseline 0.003 -23"><span class='ocrx_word' id='word_1_98' title='bbox 144 2084 254 2144; x_wconf 91' lang='lat' dir='ltr'>serunt</span> <span class='ocrx_word' id='word_1_99' title='bbox 278 2083 506 2163; x_wconf 84' lang='lat' dir='ltr'>cognoscentes</span> <span class='ocrx_word' id='word_1_100' title='bbox 523 2079 624 2143; x_wconf 89' lang='lat' dir='ltr'>Deum</span> <span class='ocrx_word' id='word_1_101' title='bbox 650 2080 734 2144; x_wconf 90' lang='lat' dir='ltr'>sicut</span> <span class='ocrx_word' id='word_1_102' title='bbox 750 2080 855 2144; x_wconf 88' lang='lat' dir='ltr'>Deum</span> <span class='ocrx_word' id='word_1_103' title='bbox 880 2080 1092 2162; x_wconf 87' lang='lat' dir='ltr'>glorificarent</span> <span class='ocrx_word' id='word_1_104' title='bbox 1116 2087 1147 2146; x_wconf 91' lang='lat' dir='ltr'>et</span> <span class='ocrx_word' id='word_1_105' title='bbox 1173 2085 1290 2167; x_wconf 85' lang='lat' dir='ltr'>gratias</span> 
     </span>
     <span class='ocr_line' id='line_1_15' title="bbox 144 2171 1289 2272; baseline 0.003 -22"><span class='ocrx_word' id='word_1_106' title='bbox 144 2191 274 2271; x_wconf 85' lang='lat' dir='ltr'>agerent</span> <span class='ocrx_word' id='word_1_107' title='bbox 297 2206 354 2250; x_wconf 92' lang='lat' dir='ltr'>nec</span> <span class='ocrx_word' id='word_1_108' title='bbox 378 2189 601 2250; x_wconf 88' lang='lat' dir='ltr'>euanescerent</span> <span class='ocrx_word' id='word_1_109' title='bbox 619 2187 649 2248; x_wconf 90' lang='lat' dir='ltr'>iu</span> <span class='ocrx_word' id='word_1_110' title='bbox 670 2185 918 2270; x_wconf 84' lang='lat' dir='ltr'>cogitationibus</span> <span class='ocrx_word' id='word_1_111' title='bbox 939 2187 1005 2251; x_wconf 88' lang='lat' dir='ltr'>suis</span> <span class='ocrx_word' id='word_1_112' title='bbox 1026 2207 1081 2253; x_wconf 91' lang='lat' dir='ltr'>nec</span> <span class='ocrx_word' id='word_1_113' title='bbox 1101 2171 1289 2272; x_wconf 81' lang='lat' dir='ltr'>populorum</span> 
     </span>
    </p>

    <p class='ocr_par' dir='ltr' id='par_1_6' title="bbox 102 2277 1290 2693">
     <span class='ocr_line' id='line_1_16' title="bbox 102 2277 1290 2375; baseline 0.003 -18"><span class='ocrx_word' id='word_1_114' title='bbox 102 2321 126 2360; x_wconf 71' lang='grc' dir='ltr'>ιε,</span> <span class='ocrx_word' id='word_1_115' title='bbox 145 2293 303 2357; x_wconf 81' lang='lat' dir='ltr'>erroribus</span> <span class='ocrx_word' id='word_1_116' title='bbox 317 2293 430 2375; x_wconf 88' lang='lat' dir='ltr'>partim</span> <span class='ocrx_word' id='word_1_117' title='bbox 449 2295 594 2356; x_wconf 88' lang='lat' dir='ltr'>auctores</span> <span class='ocrx_word' id='word_1_118' title='bbox 609 2291 730 2369; x_wconf 87' lang='lat' dir='ltr'>fierent,</span> <span class='ocrx_word' id='word_1_119' title='bbox 755 2277 1105 2374; x_wconf 83' lang='lat' dir='ltr'>pa1·timresisteren0n</span> <span class='ocrx_word' id='word_1_120' title='bbox 1124 2296 1290 2361; x_wconf 90' lang='lat' dir='ltr'>auderent:</span> 
     </span>
     <span class='ocr_line' id='line_1_17' title="bbox 144 2398 1289 2484; baseline 0.003 -20"><span class='ocrx_word' id='word_1_121' title='bbox 144 2401 286 2484; x_wconf 88' lang='lat' dir='ltr'>profecto</span> <span class='ocrx_word' id='word_1_122' title='bbox 315 2399 538 2464; x_wconf 87' lang='lat' dir='ltr'>confiterentur</span> <span class='ocrx_word' id='word_1_123' title='bbox 561 2402 592 2462; x_wconf 90' lang='lat' dir='ltr'>et</span> <span class='ocrx_word' id='word_1_124' title='bbox 610 2398 675 2461; x_wconf 91' lang='lat' dir='ltr'>illis</span> <span class='ocrx_word' id='word_1_125' title='bbox 699 2399 920 2463; x_wconf 86' lang='lat' dir='ltr'>inmortalibus</span> <span class='ocrx_word' id='word_1_126' title='bbox 950 2419 985 2463; x_wconf 92' lang='lat' dir='ltr'>ac</span> <span class='ocrx_word' id='word_1_127' title='bbox 1013 2399 1114 2464; x_wconf 86' lang='lat' dir='ltr'>beatis</span> <span class='ocrx_word' id='word_1_128' title='bbox 1144 2409 1176 2464; x_wconf 91' lang='lat' dir='ltr'>et</span> <span class='ocrx_word' id='word_1_129' title='bbox 1199 2404 1289 2467; x_wconf 89' lang='lat' dir='ltr'>nobis</span> 
     </span>
     <span class='ocr_line' id='line_1_18' title="bbox 143 2504 1288 2589; baseline 0.003 -18"><span class='ocrx_word' id='word_1_130' title='bbox 143 2506 332 2571; x_wconf 87' lang='lat' dir='ltr'>mortalibus</span> <span class='ocrx_word' id='word_1_131' title='bbox 358 2525 393 2570; x_wconf 91' lang='lat' dir='ltr'>ac</span> <span class='ocrx_word' id='word_1_132' title='bbox 417 2505 552 2586; x_wconf 87' lang='lat' dir='ltr'>miseris,</span> <span class='ocrx_word' id='word_1_133' title='bbox 586 2509 623 2569; x_wconf 88' lang='lat' dir='ltr'>ut</span> <span class='ocrx_word' id='word_1_134' title='bbox 645 2504 828 2569; x_wconf 89' lang='lat' dir='ltr'>inmortales</span> <span class='ocrx_word' id='word_1_135' title='bbox 853 2524 889 2569; x_wconf 87' lang='lat' dir='ltr'>ac</span> <span class='ocrx_word' id='word_1_136' title='bbox 911 2504 997 2569; x_wconf 87' lang='lat' dir='ltr'>beati</span> <span class='ocrx_word' id='word_1_137' title='bbox 1022 2526 1092 2571; x_wconf 89' lang='lat' dir='ltr'>esse</span> <span class='ocrx_word' id='word_1_138' title='bbox 1115 2510 1288 2589; x_wconf 86' lang='lat' dir='ltr'>possimus,</span> 
     </span>
     <span class='ocr_line' id='line_1_19' title="bbox 144 2611 1289 2693; baseline 0.003 -17"><span class='ocrx_word' id='word_1_139' title='bbox 144 2633 242 2676; x_wconf 91' lang='lat' dir='ltr'>unum</span> <span class='ocrx_word' id='word_1_140' title='bbox 267 2612 368 2675; x_wconf 92' lang='lat' dir='ltr'>Deum</span> <span class='ocrx_word' id='word_1_141' title='bbox 395 2611 524 2675; x_wconf 90' lang='lat' dir='ltr'>deorum</span> <span class='ocrx_word' id='word_1_142' title='bbox 550 2611 727 2686; x_wconf 86' lang='lat' dir='ltr'>colendum,</span> <span class='ocrx_word' id='word_1_143' title='bbox 760 2611 812 2693; x_wconf 91' lang='lat' dir='ltr'>qui</span> <span class='ocrx_word' id='word_1_144' title='bbox 839 2613 870 2675; x_wconf 91' lang='lat' dir='ltr'>st</span> <span class='ocrx_word' id='word_1_145' title='bbox 893 2616 1000 2675; x_wconf 88' lang='lat' dir='ltr'>noster·</span> <span class='ocrx_word' id='word_1_146' title='bbox 1024 2616 1073 2676; x_wconf 90' lang='lat' dir='ltr'>est</span> <span class='ocrx_word' id='word_1_147' title='bbox 1096 2619 1128 2678; x_wconf 91' lang='lat' dir='ltr'>et</span> <span class='ocrx_word' id='word_1_148' title='bbox 1150 2615 1289 2680; x_wconf 92' lang='lat' dir='ltr'>illorum.</span> 
     </span>
    </p>

    <p class='ocr_par' dir='ltr' id='par_1_7' title="bbox 187 2716 1288 2800">
     <span class='ocr_line' id='line_1_20' title="bbox 187 2716 1288 2800; baseline 0.002 -17"><span class='ocrx_word' id='word_1_149' title='bbox 187 2719 273 2783; x_wconf 90' lang='lat' dir='ltr'>Huic</span> <span class='ocrx_word' id='word_1_150' title='bbox 301 2737 358 2783; x_wconf 88' lang='lat' dir='ltr'>nos</span> <span class='ocrx_word' id='word_1_151' title='bbox 388 2718 585 2795; x_wconf 87' lang='lat' dir='ltr'>seruitutem,</span> <span class='ocrx_word' id='word_1_152' title='bbox 611 2737 691 2800; x_wconf 88' lang='lat' dir='ltr'>quae</span> <span class='ocrx_word' id='word_1_153' title='bbox 714 2718 837 2800; x_wconf 76' lang='lat' dir='ltr'>tarpeia</span> <span class='ocrx_word' id='word_1_154' title='bbox 861 2716 980 2783; x_wconf 87' lang='lat' dir='ltr'>Graece</span> <span class='ocrx_word' id='word_1_155' title='bbox 1006 2718 1130 2796; x_wconf 86' lang='lat' dir='ltr'>dicitur,</span> <span class='ocrx_word' id='word_1_156' title='bbox 1165 2721 1233 2784; x_wconf 88' lang='lat' dir='ltr'>siue</span> <span class='ocrx_word' id='word_1_157' title='bbox 1257 2722 1288 2786; x_wconf 92' lang='lat' dir='ltr'>iu</span> 
     </span>
    </p>

    <p class='ocr_par' dir='ltr' id='par_1_8' title="bbox 100 2824 1290 3333">
     <span class='ocr_line' id='line_1_21' title="bbox 100 2824 1289 2908; baseline 0.002 -19"><span class='ocrx_word' id='word_1_158' title='bbox 100 2855 127 2895; x_wconf 80' lang='lat'>20</span> <span class='ocrx_word' id='word_1_159' title='bbox 144 2826 324 2908; x_wconf 89' lang='lat' dir='ltr'>quibusque</span> <span class='ocrx_word' id='word_1_160' title='bbox 357 2824 562 2888; x_wconf 83' lang='lat' dir='ltr'>sacramentis</span> <span class='ocrx_word' id='word_1_161' title='bbox 596 2825 664 2890; x_wconf 90' lang='lat' dir='ltr'>siue</span> <span class='ocrx_word' id='word_1_162' title='bbox 697 2825 726 2888; x_wconf 91' lang='lat' dir='ltr'>in</span> <span class='ocrx_word' id='word_1_163' title='bbox 762 2824 853 2888; x_wconf 90' lang='lat' dir='ltr'>nobis</span> <span class='ocrx_word' id='word_1_164' title='bbox 881 2825 960 2907; x_wconf 90' lang='lat' dir='ltr'>ipsis</span> <span class='ocrx_word' id='word_1_165' title='bbox 986 2825 1146 2891; x_wconf 89' lang='lat' dir='ltr'>debemus.</span> <span class='ocrx_word' id='word_1_166' title='bbox 1184 2827 1289 2891; x_wconf 91' lang='lat' dir='ltr'>Huius</span> 
     </span>
     <span class='ocr_line' id='line_1_22' title="bbox 144 2931 1290 3016; baseline 0.001 -20"><span class='ocrx_word' id='word_1_167' title='bbox 144 2933 227 2996; x_wconf 86' lang='lat' dir='ltr'>enim</span> <span class='ocrx_word' id='word_1_168' title='bbox 257 2931 413 3014; x_wconf 90' lang='lat' dir='ltr'>templum</span> <span class='ocrx_word' id='word_1_169' title='bbox 445 2931 541 2994; x_wconf 91' lang='lat' dir='ltr'>simul</span> <span class='ocrx_word' id='word_1_170' title='bbox 572 2949 679 2994; x_wconf 89' lang='lat' dir='ltr'>omnes</span> <span class='ocrx_word' id='word_1_171' title='bbox 711 2932 743 2994; x_wconf 88' lang='lat' dir='ltr'>et</span> <span class='ocrx_word' id='word_1_172' title='bbox 773 2931 890 3014; x_wconf 86' lang='lat' dir='ltr'>singuli</span> <span class='ocrx_word' id='word_1_173' title='bbox 919 2931 1037 3014; x_wconf 91' lang='lat' dir='ltr'>templa</span> <span class='ocrx_word' id='word_1_174' title='bbox 1061 2952 1182 3010; x_wconf 92' lang='lat' dir='ltr'>sumus,</span> <span class='ocrx_word' id='word_1_175' title='bbox 1216 2935 1290 3016; x_wconf 88' lang='lat' dir='ltr'>quia</span> 
     </span>
     <span class='ocr_line' id='line_1_23' title="bbox 145 3036 1288 3124; baseline 0.001 -21"><span class='ocrx_word' id='word_1_176' title='bbox 145 3043 178 3103; x_wconf 89' lang='lat' dir='ltr'>et</span> <span class='ocrx_word' id='word_1_177' title='bbox 202 3039 342 3103; x_wconf 89' lang='lat' dir='ltr'>omniurn</span> <span class='ocrx_word' id='word_1_178' title='bbox 367 3037 567 3102; x_wconf 88' lang='lat' dir='ltr'>concordiam</span> <span class='ocrx_word' id='word_1_179' title='bbox 597 3041 629 3101; x_wconf 89' lang='lat' dir='ltr'>et</span> <span class='ocrx_word' id='word_1_180' title='bbox 657 3036 800 3120; x_wconf 89' lang='lat' dir='ltr'>singulos</span> <span class='ocrx_word' id='word_1_181' title='bbox 829 3038 1004 3102; x_wconf 87' lang='lat' dir='ltr'>inhabitare</span> <span class='ocrx_word' id='word_1_182' title='bbox 1029 3038 1188 3124; x_wconf 69' lang='lat' dir='ltr'>dignatum</span> <span class='ocrx_word' id='word_1_183' title='bbox 1227 3059 1288 3104; x_wconf 92' lang='lat' dir='ltr'>non</span> 
     </span>
     <span class='ocr_line' id='line_1_24' title="bbox 142 3143 1289 3227; baseline 0.002 -19"><span class='ocrx_word' id='word_1_184' title='bbox 142 3147 174 3210; x_wconf 90' lang='lat' dir='ltr'>in</span> <span class='ocrx_word' id='word_1_185' title='bbox 200 3144 347 3209; x_wconf 91' lang='lat' dir='ltr'>omnibus</span> <span class='ocrx_word' id='word_1_186' title='bbox 367 3163 461 3225; x_wconf 91' lang='lat' dir='ltr'>quam</span> <span class='ocrx_word' id='word_1_187' title='bbox 485 3144 515 3206; x_wconf 92' lang='lat' dir='ltr'>in</span> <span class='ocrx_word' id='word_1_188' title='bbox 537 3143 673 3227; x_wconf 90' lang='lat' dir='ltr'>siugulis</span> <span class='ocrx_word' id='word_1_189' title='bbox 693 3145 801 3220; x_wconf 85' lang='lat' dir='ltr'>maior,</span> <span class='ocrx_word' id='word_1_190' title='bbox 828 3145 974 3224; x_wconf 90' lang='lat' dir='ltr'>quoniam</span> <span class='ocrx_word' id='word_1_191' title='bbox 995 3163 1051 3208; x_wconf 89' lang='lat' dir='ltr'>nec</span> <span class='ocrx_word' id='word_1_192' title='bbox 1071 3145 1153 3209; x_wconf 92' lang='lat' dir='ltr'>mole</span> <span class='ocrx_word' id='word_1_193' title='bbox 1173 3145 1289 3210; x_wconf 91' lang='lat' dir='ltr'>disten·</span> 
     </span>
     <span class='ocr_line' id='line_1_25' title="bbox 144 3249 1289 3333; baseline 0.001 -17"><span class='ocrx_word' id='word_1_194' title='bbox 144 3252 231 3317; x_wconf 91' lang='lat' dir='ltr'>ditur</span> <span class='ocrx_word' id='word_1_195' title='bbox 253 3270 311 3316; x_wconf 90' lang='lat' dir='ltr'>nec</span> <span class='ocrx_word' id='word_1_196' title='bbox 333 3251 502 3333; x_wconf 86' lang='lat' dir='ltr'>partitione</span> <span class='ocrx_word' id='word_1_197' title='bbox 526 3250 688 3314; x_wconf 90' lang='lat' dir='ltr'>minuitur.</span> <span class='ocrx_word' id='word_1_198' title='bbox 715 3249 795 3322; x_wconf 89' lang='lat' dir='ltr'>Cum</span> <span class='ocrx_word' id='word_1_199' title='bbox 815 3250 852 3313; x_wconf 87' lang='lat' dir='ltr'>ad</span> <span class='ocrx_word' id='word_1_200' title='bbox 872 3250 961 3313; x_wconf 91' lang='lat' dir='ltr'>illum</span> <span class='ocrx_word' id='word_1_201' title='bbox 985 3270 1111 3315; x_wconf 87' lang='lat' dir='ltr'>sursum</span> <span class='ocrx_word' id='word_1_202' title='bbox 1137 3255 1195 3328; x_wconf 87' lang='lat' dir='ltr'>est,</span> <span class='ocrx_word' id='word_1_203' title='bbox 1221 3253 1289 3317; x_wconf 92' lang='lat' dir='ltr'>eius</span> 
     </span>
    </p>

    <p class='ocr_par' dir='ltr' id='par_1_9' title="bbox 99 3357 1289 3547">
     <span class='ocr_line' id='line_1_26' title="bbox 99 3357 1289 3440; baseline 0 -17"><span class='ocrx_word' id='word_1_204' title='bbox 99 3389 125 3428; x_wconf 72' lang='lat'>25</span> <span class='ocrx_word' id='word_1_205' title='bbox 144 3363 194 3424; x_wconf 91' lang='lat' dir='ltr'>est</span> <span class='ocrx_word' id='word_1_206' title='bbox 224 3362 321 3422; x_wconf 89' lang='lat' dir='ltr'>altare</span> <span class='ocrx_word' id='word_1_207' title='bbox 352 3375 406 3422; x_wconf 89' lang='lat' dir='ltr'>cor</span> <span class='ocrx_word' id='word_1_208' title='bbox 436 3361 593 3429; x_wconf 75' lang='lat' dir='ltr'>nostrum:</span> <span class='ocrx_word' id='word_1_209' title='bbox 629 3377 699 3421; x_wconf 91' lang='lat' dir='ltr'>eum</span> <span class='ocrx_word' id='word_1_210' title='bbox 732 3357 901 3440; x_wconf 88' lang='lat' dir='ltr'>Unigenito</span> <span class='ocrx_word' id='word_1_211' title='bbox 934 3358 1001 3422; x_wconf 87' lang='lat' dir='ltr'>eius</span> <span class='ocrx_word' id='word_1_212' title='bbox 1032 3359 1194 3423; x_wconf 87' lang='lat' dir='ltr'>sacerdote</span> <span class='ocrx_word' id='word_1_213' title='bbox 1223 3359 1289 3440; x_wconf 90' lang='lat' dir='ltr'>pla·</span> 
     </span>
     <span class='ocr_line' id='line_1_27' title="bbox 143 3463 1289 3547; baseline 0 -17"><span class='ocrx_word' id='word_1_214' title='bbox 143 3485 268 3542; x_wconf 80' lang='lat' dir='ltr'>camus3</span> <span class='ocrx_word' id='word_1_215' title='bbox 293 3465 321 3529; x_wconf 91' lang='lat' dir='ltr'>ei</span> <span class='ocrx_word' id='word_1_216' title='bbox 346 3469 491 3528; x_wconf 88' lang='lat' dir='ltr'>cruentas</span> <span class='ocrx_word' id='word_1_217' title='bbox 516 3465 663 3528; x_wconf 90' lang='lat' dir='ltr'>uictimas</span> <span class='ocrx_word' id='word_1_218' title='bbox 689 3463 860 3540; x_wconf 85' lang='lat' dir='ltr'>caedimus,</span> <span class='ocrx_word' id='word_1_219' title='bbox 887 3465 1010 3546; x_wconf 86' lang='lat' dir='ltr'>quando</span> <span class='ocrx_word' id='word_1_220' title='bbox 1035 3485 1136 3547; x_wconf 87' lang='lat' dir='ltr'>usque</span> <span class='ocrx_word' id='word_1_221' title='bbox 1161 3466 1200 3530; x_wconf 89' lang='lat' dir='ltr'>ad</span> <span class='ocrx_word' id='word_1_222' title='bbox 1220 3485 1289 3530; x_wconf 89' lang='lat' dir='ltr'>sau-</span> 
     </span>
    </p>
   </div>
   <div class='ocr_carea' id='block_1_6' title="bbox 234 3671 860 3742">
    <p class='ocr_par' dir='ltr' id='par_1_10' title="bbox 234 3671 860 3742">
     <span class='ocr_line' id='line_1_28' title="bbox 234 3671 860 3742; baseline -0.003 -15"><span class='ocrx_word' id='word_1_223' title='bbox 234 3673 308 3728; x_wconf 83' lang='grc'>611.</span> <span class='ocrx_word' id='word_1_224' title='bbox 329 3676 353 3737; x_wconf 89' lang='lat' dir='ltr'>l,</span> <span class='ocrx_word' id='word_1_225' title='bbox 373 3675 389 3726; x_wconf 88' lang='lat'>6</span> <span class='ocrx_word' id='word_1_226' title='bbox 409 3691 481 3742; x_wconf 83' lang='lat' dir='ltr'>sqq.;</span> <span class='ocrx_word' id='word_1_227' title='bbox 503 3675 535 3726; x_wconf 90' lang='grc'>16</span> <span class='ocrx_word' id='word_1_228' title='bbox 589 3673 624 3726; x_wconf 77' lang='lat'>20</span> <span class='ocrx_word' id='word_1_229' title='bbox 644 3671 703 3726; x_wconf 87' lang='lat' dir='ltr'>Cor.</span> <span class='ocrx_word' id='word_1_230' title='bbox 723 3673 748 3739; x_wconf 87' lang='lat'>3,</span> <span class='ocrx_word' id='word_1_231' title='bbox 769 3674 801 3726; x_wconf 89' lang='grc'>16</span> <span class='ocrx_word' id='word_1_232' title='bbox 822 3689 860 3742; x_wconf 90' lang='lat' dir='ltr'>sq.</span> 
     </span>
    </p>
   </div>
   <div class='ocr_carea' id='block_1_7' title="bbox 143 3796 1290 4046">
    <p class='ocr_par' dir='ltr' id='par_1_11' title="bbox 143 3796 1290 4046">
     <span class='ocr_line' id='line_1_29' title="bbox 183 3796 1289 3864; baseline -0.003 -13"><span class='ocrx_word' id='word_1_233' title='bbox 183 3799 212 3852; x_wconf 93' lang='lat' dir='ltr'>ll</span> <span class='ocrx_word' id='word_1_234' title='bbox 234 3814 281 3852; x_wconf 84' lang='lat' dir='ltr'>eeu</span> <span class='ocrx_word' id='word_1_235' title='bbox 299 3798 384 3852; x_wconf 82' lang='lat' dir='ltr'>bonos</span> <span class='ocrx_word' id='word_1_236' title='bbox 403 3814 451 3852; x_wconf 88' lang='lat' dir='ltr'>seu</span> <span class='ocrx_word' id='word_1_237' title='bbox 469 3797 554 3850; x_wconf 84' lang='lat' dir='ltr'>malos</span> <span class='ocrx_word' id='word_1_238' title='bbox 572 3796 608 3862; x_wconf 79' lang='grc'>0,·</span> <span class='ocrx_word' id='word_1_239' title='bbox 624 3797 709 3849; x_wconf 90' lang='lat' dir='ltr'>bonos</span> <span class='ocrx_word' id='word_1_240' title='bbox 729 3813 776 3850; x_wconf 92' lang='lat' dir='ltr'>seu</span> <span class='ocrx_word' id='word_1_241' title='bbox 796 3797 880 3850; x_wconf 87' lang='lat' dir='ltr'>malos</span> <span class='ocrx_word' id='word_1_242' title='bbox 899 3797 997 3850; x_wconf 82' lang='lat' dir='ltr'>omisso</span> <span class='ocrx_word' id='word_1_243' title='bbox 1010 3798 1103 3864; x_wconf 83' lang='lat' dir='ltr'>priore</span> <span class='ocrx_word' id='word_1_244' title='bbox 1116 3813 1163 3850; x_wconf 87' lang='lat' dir='ltr'>seu</span> <span class='ocrx_word' id='word_1_245' title='bbox 1177 3815 1211 3864; x_wconf 87' lang='lat' dir='ltr'>p;</span> <span class='ocrx_word' id='word_1_246' title='bbox 1231 3796 1289 3849; x_wconf 87' lang='lat' dir='ltr'>siue</span> 
     </span>
     <span class='ocr_line' id='line_1_30' title="bbox 143 3883 1290 3955; baseline -0.002 -15"><span class='ocrx_word' id='word_1_247' title='bbox 143 3887 169 3940; x_wconf 90' lang='lat' dir='ltr'>b.</span> <span class='ocrx_word' id='word_1_248' title='bbox 190 3888 248 3940; x_wconf 85' lang='lat' dir='ltr'>siue</span> <span class='ocrx_word' id='word_1_249' title='bbox 268 3903 302 3942; x_wconf 89' lang='lat' dir='ltr'>m.</span> <span class='ocrx_word' id='word_1_250' title='bbox 322 3903 363 3955; x_wconf 78' lang='lat' dir='ltr'>qv</span> <span class='ocrx_word' id='word_1_251' title='bbox 387 3943 389 3946; x_wconf 68' lang='grc'><strong>,</strong></span> <span class='ocrx_word' id='word_1_252' title='bbox 428 3887 461 3939; x_wconf 82' lang='lat'>12</span> <span class='ocrx_word' id='word_1_253' title='bbox 480 3885 512 3954; x_wconf 80' lang='lat' dir='ltr'>si]</span> <span class='ocrx_word' id='word_1_254' title='bbox 534 3889 561 3938; x_wconf 89' lang='lat' dir='ltr'>et</span> <span class='ocrx_word' id='word_1_255' title='bbox 579 3901 612 3936; x_wconf 86' lang='grc'>111.</span> <span class='ocrx_word' id='word_1_256' title='bbox 634 3889 654 3937; x_wconf 78' lang='lat'><em>2</em></span> <span class='ocrx_word' id='word_1_257' title='bbox 672 3886 702 3938; x_wconf 83' lang='grc'>111</span> <span class='ocrx_word' id='word_1_258' title='bbox 720 3902 776 3938; x_wconf 84' lang='lat' dir='ltr'>ras.</span> <span class='ocrx_word' id='word_1_259' title='bbox 797 3900 810 3937; x_wconf 86' lang='lat' dir='ltr'>e</span> <span class='ocrx_word' id='word_1_260' title='bbox 883 3884 929 3936; x_wconf 91' lang='lat' dir='ltr'>alii</span> <span class='ocrx_word' id='word_1_261' title='bbox 949 3883 1104 3954; x_wconf 89' lang='lat' dir='ltr'>philosophi</span> <span class='ocrx_word' id='word_1_262' title='bbox 1126 3901 1144 3937; x_wconf 86' lang='lat' dir='ltr'>a</span> <span class='ocrx_word' id='word_1_263' title='bbox 1208 3886 1241 3938; x_wconf 88' lang='lat'>13</span> <span class='ocrx_word' id='word_1_264' title='bbox 1261 3888 1290 3938; x_wconf 89' lang='lat' dir='ltr'>et</span> 
     </span>
     <span class='ocr_line' id='line_1_31' title="bbox 144 3973 1289 4046; baseline -0.003 -17"><span class='ocrx_word' id='word_1_265' title='bbox 144 3976 264 4046; x_wconf 86' lang='lat' dir='ltr'>gratias.</span> <span class='ocrx_word' id='word_1_266' title='bbox 278 3977 488 4028; x_wconf 83' lang='lat' dir='ltr'>.euauescerent</span> <span class='ocrx_word' id='word_1_267' title='bbox 506 3990 556 4028; x_wconf 88' lang='lat' dir='ltr'>om.</span> <span class='ocrx_word' id='word_1_268' title='bbox 578 3974 633 4027; x_wconf 81' lang='lat' dir='ltr'>at¹</span> <span class='ocrx_word' id='word_1_269' title='bbox 707 3974 739 4025; x_wconf 85' lang='grc'>17</span> <span class='ocrx_word' id='word_1_270' title='bbox 760 3977 788 4026; x_wconf 88' lang='lat' dir='ltr'>et</span> <span class='ocrx_word' id='word_1_271' title='bbox 807 3973 926 4040; x_wconf 76' lang='grc' dir='ltr'>1111111,Ι</span> <span class='ocrx_word' id='word_1_272' title='bbox 944 3989 1002 4040; x_wconf 79' lang='lat' dir='ltr'>sup.</span> <span class='ocrx_word' id='word_1_273' title='bbox 1024 3973 1072 4025; x_wconf 80' lang='lat' dir='ltr'>lin.</span> <span class='ocrx_word' id='word_1_274' title='bbox 1093 3989 1111 4025; x_wconf 88' lang='grc' dir='ltr'><em>α</em></span> <span class='ocrx_word' id='word_1_275' title='bbox 1197 3989 1289 4042; x_wconf 87' lang='lat' dir='ltr'>posse-</span> 
     </span>
    </p>
   </div>
   <div class='ocr_carea' id='block_1_8' title="bbox 139 4047 1290 4339">
    <p class='ocr_par' dir='ltr' id='par_1_12' title="bbox 139 4047 1290 4339">
     <span class='ocr_line' id='line_1_32' title="bbox 143 4047 1289 4154; baseline -0.003 -10"><span class='ocrx_word' id='word_1_276' title='bbox 143 4109 202 4145; x_wconf 92' lang='lat' dir='ltr'>mus</span> <span class='ocrx_word' id='word_1_277' title='bbox 223 4109 241 4143; x_wconf 85' lang='lat' dir='ltr'>a</span> <span class='ocrx_word' id='word_1_278' title='bbox 307 4091 339 4144; x_wconf 90' lang='grc'>18</span> <span class='ocrx_word' id='word_1_279' title='bbox 359 4093 387 4144; x_wconf 91' lang='lat' dir='ltr'>et</span> <span class='ocrx_word' id='word_1_280' title='bbox 406 4095 471 4142; x_wconf 76' lang='lat' dir='ltr'>ante</span> <span class='ocrx_word' id='word_1_281' title='bbox 490 4093 581 4143; x_wconf 89' lang='lat' dir='ltr'>noster</span> <span class='ocrx_word' id='word_1_282' title='bbox 599 4105 690 4154; x_wconf 71' lang='lat' dir='ltr'>omo</span> <span class='ocrx_word' id='word_1_283' title='bbox 755 4091 786 4142; x_wconf 86' lang='lat'>19</span> <span class='ocrx_word' id='word_1_284' title='bbox 802 4047 915 4143; x_wconf 61' lang='lat' dir='ltr'>ethuicb</span> <span class='ocrx_word' id='word_1_285' title='bbox 981 4090 1014 4142; x_wconf 80' lang='lat'>24</span> <span class='ocrx_word' id='word_1_286' title='bbox 1035 4088 1068 4141; x_wconf 84' lang='lat' dir='ltr'>ad</span> <span class='ocrx_word' id='word_1_287' title='bbox 1088 4089 1145 4141; x_wconf 85' lang='lat' dir='ltr'>cius</span> <span class='ocrx_word' id='word_1_288' title='bbox 1165 4088 1251 4142; x_wconf 86' lang='lat' dir='ltr'>altare</span> <span class='ocrx_word' id='word_1_289' title='bbox 1271 4107 1289 4141; x_wconf 89' lang='lat' dir='ltr'>a</span> 
     </span>
     <span class='ocr_line' id='line_1_33' title="bbox 144 4177 1288 4248; baseline -0.003 -14"><span class='ocrx_word' id='word_1_290' title='bbox 144 4184 178 4235; x_wconf 81' lang='lat'>25</span> <span class='ocrx_word' id='word_1_291' title='bbox 198 4196 258 4234; x_wconf 88' lang='lat' dir='ltr'>enm</span> <span class='ocrx_word' id='word_1_292' title='bbox 277 4179 427 4248; x_wconf 81' lang='lat' dir='ltr'>Unigenito</span> <span class='ocrx_word' id='word_1_293' title='bbox 447 4179 504 4232; x_wconf 88' lang='lat' dir='ltr'>eius</span> <span class='ocrx_word' id='word_1_294' title='bbox 519 4194 563 4245; x_wconf 84' lang='lat' dir='ltr'>pe</span> <span class='ocrx_word' id='word_1_295' title='bbox 582 4179 669 4244; x_wconf 79' lang='lat' dir='ltr'>(laona</span> <span class='ocrx_word' id='word_1_296' title='bbox 687 4177 832 4231; x_wconf 72' lang='grc' dir='ltr'>111νό111111</span> <span class='ocrx_word' id='word_1_297' title='bbox 851 4178 1057 4231; x_wconf 77' lang='lat' dir='ltr'>collocationem</span> <span class='ocrx_word' id='word_1_298' title='bbox 1071 4179 1199 4245; x_wconf 79' lang='lat' dir='ltr'>postulat</span> <span class='ocrx_word' id='word_1_299' title='bbox 1218 4195 1288 4231; x_wconf 79' lang='lat' dir='ltr'>aaa·</span> 
     </span>
     <span class='ocr_line' id='line_1_34' title="bbox 139 4266 1290 4339; baseline -0.003 -16"><span class='ocrx_word' id='word_1_300' title='bbox 139 4271 234 4339; x_wconf 74' lang='lat' dir='ltr'>phora</span> <span class='ocrx_word' id='word_1_301' title='bbox 256 4284 309 4338; x_wconf 86' lang='lat' dir='ltr'>per</span> <span class='ocrx_word' id='word_1_302' title='bbox 331 4274 464 4336; x_wconf 81' lang='lat' dir='ltr'>quattuor</span> <span class='ocrx_word' id='word_1_303' title='bbox 486 4268 606 4320; x_wconf 83' lang='lat' dir='ltr'>membra</span> <span class='ocrx_word' id='word_1_304' title='bbox 629 4267 823 4335; x_wconf 81' lang='lat' dir='ltr'>continuata);</span> <span class='ocrx_word' id='word_1_305' title='bbox 852 4268 908 4320; x_wconf 90' lang='lat' dir='ltr'>eius</span> <span class='ocrx_word' id='word_1_306' title='bbox 933 4267 1078 4334; x_wconf 85' lang='lat' dir='ltr'>Unigenito</span> <span class='ocrx_word' id='word_1_307' title='bbox 1108 4283 1167 4319; x_wconf 91' lang='lat' dir='ltr'>eum</span> <span class='ocrx_word' id='word_1_308' title='bbox 1191 4266 1250 4320; x_wconf 82' lang='lat' dir='ltr'>roll.</span> <span class='ocrx_word' id='word_1_309' title='bbox 1273 4281 1290 4320; x_wconf 85' lang='lat' dir='ltr'><strong><em>v</em></strong></span> 
     </span>
    </p>
   </div>
   <div class='ocr_carea' id='block_1_9' title="bbox 144 4357 1251 4532">
    <p class='ocr_par' dir='ltr' id='par_1_13' title="bbox 144 4357 1251 4532">
     <span class='ocr_line' id='line_1_35' title="bbox 144 4357 473 4425; baseline -0.012 -13"><span class='ocrx_word' id='word_1_310' title='bbox 144 4359 243 4412; x_wconf 87' lang='lat' dir='ltr'>Domb.</span> <span class='ocrx_word' id='word_1_311' title='bbox 299 4357 333 4411; x_wconf 84' lang='lat'>26</span> <span class='ocrx_word' id='word_1_312' title='bbox 354 4357 389 4425; x_wconf 86' lang='lat' dir='ltr'>ei]</span> <span class='ocrx_word' id='word_1_313' title='bbox 412 4361 439 4409; x_wconf 92' lang='lat' dir='ltr'>et</span> <span class='ocrx_word' id='word_1_314' title='bbox 458 4357 473 4408; x_wconf 82' lang='lat' dir='ltr'><em>b</em></span> 
     </span>
     <span class='ocr_line' id='line_1_36' title="bbox 171 4460 1251 4532; baseline -0.009 -10"><span class='ocrx_word' id='word_1_315' title='bbox 171 4483 252 4522; x_wconf 77' lang='lat' dir='ltr'>XXXX</span> <span class='ocrx_word' id='word_1_316' title='bbox 264 4481 323 4531; x_wconf 67' lang='lat' dir='ltr'>Aug.</span> <span class='ocrx_word' id='word_1_317' title='bbox 339 4491 409 4532; x_wconf 87' lang='lat' dir='ltr'>opera</span> <span class='ocrx_word' id='word_1_318' title='bbox 422 4481 497 4523; x_wconf 72' lang='lat' dir='ltr'>aeos·</span> <span class='ocrx_word' id='word_1_319' title='bbox 513 4481 531 4520; x_wconf 87' lang='lat' dir='ltr'>V</span> <span class='ocrx_word' id='word_1_320' title='bbox 546 4491 597 4530; x_wconf 78' lang='lat' dir='ltr'>perr</span> <span class='ocrx_word' id='word_1_321' title='bbox 610 4480 629 4518; x_wconf 92' lang='lat'>1.</span> <span class='ocrx_word' id='word_1_322' title='bbox 1217 4460 1251 4512; x_wconf 78' lang='lat'>29</span> 
     </span>
    </p>
   </div>
   <div class='ocr_carea' id='block_1_10' title="bbox 0 0 1572 4934">
    <p class='ocr_par' dir='ltr' id='par_1_14' title="bbox 0 0 1572 4934">
     <span class='ocr_line' id='line_1_37' title="bbox 0 0 1572 4934; baseline 0 0"><span class='ocrx_word' id='word_1_323' title='bbox 0 0 1572 4934; x_wconf 95' lang='lat' dir='ltr'> </span> 
     </span>
    </p>
   </div>
  </div>
 </body>
</html>
