3164 4932
369 433 419 488 De
447 434 619 488 ciuitate
648 433 709 488 <lei
732 433 797 488 lib.
821 433 882 487 XII.
909 450 984 504 cap.
1008 435 1051 487 27.
1076 435 1118 487 28.
1250 439 1314 502 613

159 634 266 694 tamen
291 630 334 694 sit
356 632 527 711 utrumque
550 627 769 694 salsissimum.
794 627 875 694 Nam
899 647 1002 710 neque
1021 628 1067 692 ita
1084 630 1178 692 luunt
1196 648 1313 713 poenae

160 737 294 813 animae,
323 753 396 800 eum
424 735 586 799 edietum
615 735 715 800 uitam
745 733 847 800 denuo
875 736 1094 814 reuoluuntur·,
1117 739 1149 799 et
1172 735 1313 800 omnium

159 841 338 908 uiuentium
364 843 433 908 siue
457 841 488 906 in
512 841 599 906 eaelo
625 841 693 910 siue
716 841 749 905 in
773 843 856 906 terra
879 841 987 906 nullus
1011 845 1061 906 eet
1079 840 1232 917 eonditor,
1251 842 1312 908 nisi

160 969 177 1014 a
206 969 268 1033 quo
297 951 382 1014 laeta
409 953 485 1014 sunt
512 948 636 1012 eaelum
665 951 697 1012 et
724 951 816 1012 terre.
858 947 941 1012 Nam
970 947 998 1012 si
1024 948 1113 1012 nulla
1140 966 1237 1012 causa
1264 951 1314 1012 eet

110 1084 139 1126 *a
159 1055 289 1120 uiuendi
318 1057 349 1120 in
377 1056 437 1120 hoo
465 1073 594 1137 oorpore
622 1055 684 1119 nisi
711 1057 839 1138 propter
861 1053 1026 1136 pendenda
1049 1053 1220 1137 supplicia:
1250 1072 1311 1136 quo

157 1163 253 1228 modo
282 1161 373 1240 ¹‹lioit
408 1161 493 1226 idem
525 1163 617 1227 Plato
656 1161 748 1227 aliter
784 1161 937 1226 mundum
972 1159 1039 1226 fieri
1073 1180 1133 1226 non
1166 1161 1311 1242 potuisse

159 1270 407 1352 pulcherrimum
445 1270 548 1354 adque
584 1270 749 1352 opIImum,
783 1269 843 1336 nisi
876 1269 1017 1334 omnium
1050 1269 1245 1347 animalium,
1278 1267 1311 1332 id

159 1381 209 1441 est
254 1381 287 1442 et
331 1377 548 1442 inmortalium
596 1380 628 1441 et
668 1377 861 1455 mortalium,
904 1376 1072 1460 generibus
1115 1375 1310 1457 inpleretur?

160 1483 193 1548 Si
222 1488 328 1548 autem
357 1489 467 1550 nootra
494 1484 666 1560 Institutio,
691 1503 754 1566 que
780 1483 834 1548 uel
862 1484 1013 1548 mortales
1044 1481 1163 1558 conditi
1187 1500 1310 1556 sumus,

108 1619 140 1656 ,ιο
160 1590 306 1654 diuinum
343 1609 458 1656 munus
497 1594 559 1657 est:
603 1609 665 1674 quo
702 1590 797 1656 modo
836 1609 936 1674 poena
979 1592 1028 1654 est
1052 1589 1108 1652 'ad
1144 1588 1208 1654 ista
1244 1605 1309 1652 oon

157 1716 245 1780 poro,
269 1697 301 1762 id
325 1701 375 1763 eet
398 1698 436 1762 ad
464 1697 572 1762 diuina
599 1697 761 1776 beneficia,
784 1701 945 1764 remeare?
982 1696 1025 1761 Ill
1052 1695 1079 1760 ei
1103 1696 1200 1772 Deua,
1225 1694 1309 1777 quod

158 1802 290 1868 adsidue
313 1803 405 1871 Plato
429 1806 666 1884 commemorat,
692 1801 777 1879 siout
799 1803 908 1868 mundi
931 1801 1083 1882 unluemi,
1103 1802 1149 1866 ita
1167 1802 1309 1866 omnIum

157 1909 341 1974 animalium
366 1910 488 1993 speeies
513 1914 639 1974 aeterna
660 1910 880 1994 intellegentia
904 1908 1099 1974 continebat:
1128 1925 1191 1991 quo
1214 1907 1308 1973 modo

157 2035 218 2081 non
246 2017 315 2099 ipse
344 2020 458 2082 ounota
486 2015 661 2085 condebat?
698 2018 745 2080 An
770 2017 946 2099 aliquorum
972 2034 1042 2080 eeee
1065 2014 1176 2080 artilex
1200 2014 1308 2088 nollet,

109 2151 138 2191 ro
158 2140 291 2204 quorum
329 2122 563 2188 efficiendorum
602 2125 700 2187 artem
736 2121 906 2188 ineffabilis
944 2122 1013 2186 eius
1046 2123 1079 2184 et
1109 2120 1310 2186 ineffabiliter

156 2227 327 2294 laudabilis
351 2247 439 2294 mene
462 2230 613 2295 heberet?

577 2419 715 2486 CAPUT
738 2419 888 2485 XXVIII.

151 2563 199 2628 In
232 2562 361 2645 primo
394 2561 554 2626 homino
583 2563 760 2626 exortam
789 2559 922 2626 fuisse
952 2579 1099 2626 omnem
1129 2559 1305 2642 plenitu-

105 2711 107 2719 ι
156 2669 287 2756 (linem
321 2667 482 2751 generis
515 2667 687 2744 humani,
721 2667 758 2731 ln
793 2687 868 2750 qua
899 2666 1161 2750 praeuiderit
1184 2668 1303 2746 Deus,

108 2801 136 2840 20
243 2794 342 2857 quae
372 2793 464 2859 pare
494 2774 726 2840 honoranda
756 2777 869 2838 osset
897 2772 1087 2857 praemio,
1120 2793 1217 2856 quae

496 2880 716 2944 damnande
746 2880 965 2962 supplicio.
1094 2888 1096 2894 '

199 3021 314 3088 Merito
341 3022 440 3107 igitur
466 3043 542 3087 uera
568 3022 692 3106 religio,
716 3041 810 3104 quem
834 3021 944 3085 mundi
967 3021 1118 3098 uniuersi,
1143 3041 1214 3086 eum
1239 3023 1304 3087 ani·

152 3129 285 3194 melium
316 3147 440 3212 quoque
468 3127 701 3207 uniuersorum,
729 3129 790 3193 hoe
814 3131 864 3193 est
887 3132 920 3193 et
942 3128 1116 3192 animarum
1141 3129 1173 3194 et
1194 3147 1303 3211 eorpo-

104 3248 107 3256 '
153 3256 234 3314 rum,
268 3235 462 3301 conditorem
496 3235 642 3318 agnoseit
673 3237 705 3299 et
736 3234 907 3317 praedicat.
952 3235 988 3299 In
1022 3235 1138 3316 quibus
1170 3235 1302 3300 terrenis

106 3369 134 3408 ee
151 3342 342 3424 praecipuus
372 3342 489 3406 abillo
514 3343 552 3405 ad
578 3341 645 3406 eius
670 3341 840 3426 imaginem
864 3343 959 3406 homo
983 3343 1111 3424 propter
1134 3360 1203 3406 eam
1228 3359 1301 3406 oau-

153 3467 232 3523 sam,
263 3467 355 3531 quam
387 3448 460 3525 diri,
490 3452 522 3512 ot
549 3449 576 3512 oi
606 3468 668 3531 qua
694 3448 775 3512 forte
799 3447 861 3511 alia
888 3449 988 3513 maior·
1010 3450 1098 3527 latet,
1122 3447 1227 3514 faetus
1252 3453 1302 3513 eet

151 3575 246 3632 anne,
276 3554 331 3620 eod
360 3573 419 3619 non
448 3555 578 3620 relictus
607 3559 657 3618 est
684 3555 781 3619 solus.
820 3553 908 3618 Nihil
938 3555 1019 3618 enim
1049 3557 1098 3618 est
1122 3573 1216 3638 quam
1241 3555 1301 3619 hoo

242 3775 258 3828 a
277 3771 345 3826 nim.
366 3772 409 3838 oa,
428 3771 451 3824 Β

187 3896 251 3952 3in
269 3897 368 3948 terram
393 3895 419 3948 V
471 3895 592 3949 4eleie
664 3899 707 3948 eet
725 3911 806 3948 causa
825 3911 844 3947 a
899 3893 962 3947 'lid
982 3899 1023 3946 est
1042 3893 1124 3947 etiem
1143 3893 1299 3948 mortalium

147 3985 297 4055 generibus
317 3987 394 4051 (mol)
415 3985 431 4038 b
499 3985 516 4038 8
536 3985 690 4052 etinmort.
715 3983 843 4052 Velut·
863 3985 892 4036 et
910 3998 960 4049 om.
981 3999 1024 4036 oo
1098 3986 1126 4035 et
1144 3982 1298 4036 mortalium

149 4074 233 4128 onal
306 4075 491 4142 lluelquae
564 4073 711 4128 lldeost
785 4073 817 4126 12
835 4071 956 4124 uniuersi
974 4070 1101 4138 mundio
1176 4073 1207 4124 17
1233 4069 1297 4139 Cap.

148 4163 283 4218 XXVIIo
338 4165 370 4218 19
389 4161 556 4234 praeuiderit
573 4161 636 4232 Va·
653 4161 806 4232 prouiderit
818 4179 853 4230 p;
873 4159 1037 4230 preeuidito
1092 4161 1126 4213 22
1144 4177 1211 4213 uera
1225 4163 1267 4213 est
1275 4177 1298 4228 p

149 4251 360 4320 uerameligob
434 4267 513 4320 quem
533 4249 761 4314 Vab¹eltaf‚·
782 4265 850 4318 queo
865 4246 1046 4316 o²p1>uon.;
1064 4264 1144 4301 ormo
1199 4247 1235 4300 24
1254 4262 1297 4299 oo·

148 4341 258 4410 gnoooit
273 4357 293 4408 μ
