3094 4932
383 457 432 510 Da
461 456 633 510 ciuitate
662 457 722 511 dei
749 457 815 511 lib.
842 457 864 513 1.
893 473 907 512 c
942 475 967 528 p.
998 459 1038 512 10.
1245 463 1285 526 21

131 651 242 716 omnia
266 671 335 730 sua,
355 651 410 716 ubi
434 671 506 716 eum
531 651 663 716 condere
688 655 720 716 et
739 651 951 717 thesaurizare
970 653 1025 717 ille
1044 654 1286 730 monstrauerat,

131 760 191 840 qui
220 760 298 823 haec
326 759 410 822 mala
437 758 556 824 mundo
583 760 718 824 uentura
745 758 950 840 praedixerat.
992 760 1038 824 Ac
1066 777 1122 842 per
1149 757 1208 823 hoc
1231 759 1286 842 qui

129 865 273 930 Domino
290 883 349 930 suo
364 865 504 930 monenti
524 865 737 943 oboedierant,
752 865 808 929 ubi
828 868 860 930 et
879 884 940 948 quo
960 865 1054 930 modo
1074 865 1286 930 thesaurizare

131 971 298 1044 deberent,
331 989 388 1036 neo
420 972 507 1053 ipsas
539 976 679 1036 terrenas
714 971 842 1037 diuitiae
875 972 1016 1037 barbaris
1049 971 1285 1036 incursantibus

98 1099 112 1138 s
130 1079 319 1142 amiserunt.
344 1075 431 1156 Quos
447 1082 552 1142 autem
568 1097 627 1143 non
649 1077 815 1143 oboedisse
832 1079 998 1162 paenituit.
1015 1078 1090 1161 quid
1109 1077 1147 1142 de
1166 1077 1285 1142 talibus

129 1185 230 1249 rebus
262 1183 441 1249 faciendum
476 1188 571 1262 esset,
605 1183 632 1250 ei
665 1204 725 1250 nou
761 1185 967 1266 praecedente
1005 1185 1168 1266 sapientia,
1201 1187 1285 1248 certe

131 1295 349 1374 consequente
373 1292 563 1374 experientia
586 1290 772 1356 didicerunt.

176 1400 221 1462 Ar
250 1397 333 1462 enim
358 1398 486 1481 quidam
510 1398 585 1464 boni
610 1398 705 1462 etiam
731 1397 901 1463 Christiani
924 1397 1090 1462 tormentis
1115 1396 1285 1462 excruciati

131 1508 219 1582 sunt,
246 1509 283 1569 ut
309 1506 393 1571 bona
420 1524 479 1570 sua
505 1505 651 1570 hostibus
681 1504 859 1586 proderent.
897 1504 950 1570 Illi
973 1523 1048 1569 uero
1073 1523 1129 1568 nee
1152 1503 1284 1586 prodere

86 1635 112 1672 ro
130 1631 191 1676 nec
216 1612 347 1696 perdere
372 1614 542 1696 potuerunt
568 1611 697 1687 bonum,
722 1630 784 1692 quo
807 1611 869 1694 ipsi
892 1610 967 1676 boni
991 1613 1086 1676 erant.
1119 1609 1153 1676 Si
1177 1614 1282 1674 autom

129 1719 274 1803 torqueri
303 1738 397 1801 quam
425 1737 605 1782 mammona
632 1716 810 1800 iniquitatis
839 1717 969 1800 prodere
997 1717 1185 1795 maluerunt,
1208 1717 1283 1781 boni

131 1847 193 1890 non
224 1829 323 1890 erant.
360 1825 559 1891 Admonendi
587 1829 692 1890 autern
722 1828 855 1900 buerant,
885 1827 938 1908 qui
967 1829 1055 1890 tanta
1081 1824 1284 1908 patiebantur

129 1952 187 2015 pro
212 1951 301 2007 auro,
322 1935 438 2014 quanta
462 1937 569 1996 essent
589 1933 775 1998 sustinenda
792 1953 849 2017 pro
870 1931 1007 2010 Christo,
1027 1935 1065 1996 ut
1083 1951 1155 1996 eum
1174 1929 1282 2014 potius

130 2039 267 2124 diligere
292 2038 458 2116 discerent,
483 2039 537 2120 qui
560 2059 616 2122 pro
641 2059 675 2104 se
698 2058 810 2122 passos
835 2043 961 2104 aeterna
983 2039 1135 2104 felicitate
1158 2037 1282 2113 ditaret,

87 2165 111 2204 u
128 2165 191 2212 non
222 2165 337 2210 aurum
366 2149 398 2210 et
425 2149 599 2232 argentum,
623 2166 679 2230 pro
708 2166 770 2229 quo
798 2148 865 2228 pati
892 2147 1106 2210 miserrimum
1128 2144 1201 2222 ruit,
1225 2163 1282 2210 seu

128 2252 312 2317 mentiendo
337 2254 558 2328 occultaretur,
584 2273 640 2318 seu
665 2273 775 2318 uerum
801 2253 932 2318 dicendo
956 2253 1149 2337 proderetur.
1186 2250 1281 2315 Nam-

129 2380 191 2443 que
220 2361 305 2424 inter
331 2361 487 2424 tormenta
514 2378 605 2424 nemo
636 2359 797 2425 Christum
832 2359 1010 2424 confitendo
1044 2359 1160 2435 amisit,
1188 2375 1280 2421 nemo

128 2487 243 2532 aurum
269 2467 330 2531 nisi
353 2465 495 2550 negando
520 2467 671 2533 seruauit.
707 2464 861 2546 Quocirca
884 2465 1013 2531 utiliora
1036 2469 1123 2530 erant
1146 2466 1281 2529 fortasse

127 2579 298 2654 tormenta,
342 2592 422 2656 quae
462 2573 581 2637 bonum
622 2573 860 2658 inconuptihile
904 2573 1072 2637 amandum
1114 2571 1280 2648 docebant,

85 2699 110 2737 ει
129 2701 227 2764 quam
250 2681 307 2745 ilia
329 2680 422 2758 hona,
443 2699 522 2762 quae
548 2681 614 2744 sine
638 2680 704 2746 ullo
726 2681 797 2745 utili
817 2681 924 2746 fructu
944 2679 1087 2745 dominos
1107 2680 1157 2744 sui
1176 2697 1281 2743 amore

127 2788 331 2870 torquebant.

173 2893 238 2960 Sed
268 2893 396 2976 quidam
425 2893 519 2958 etiam
549 2913 608 2958 non
632 2894 786 2958 habentes
810 2893 894 2976 quod
918 2894 1093 2976 proderent,
1118 2892 1195 2956 dum
1218 2911 1278 2956 nou

128 2999 311 3078 ereduntur,
331 2999 408 3063 torti
432 3003 515 3065 sunt.
539 2999 580 3063 Et
602 2999 636 3064 hi
659 3000 740 3064 forte
763 3000 878 3064 habore
902 3000 1072 3084 cupiebant
1095 3017 1151 3063 nec
1171 3001 1280 3062 sancta

127 3106 293 3172 uoluntate
325 3125 480 3189 pauperes
514 3109 616 3182 erant;
655 3106 770 3188 quibus
809 3107 1085 3171 demonstrandum
1124 3106 1186 3170 fuit
1217 3125 1278 3170 non

87 3233 109 3272 rs
127 3214 311 3288 facultates,
327 3214 382 3278 sed
398 3214 484 3296 ipsas
505 3212 696 3296 cupiditates
716 3213 835 3278 talibus
855 3213 965 3297 dignas
986 3233 1055 3278 esse
1075 3212 1277 3278 cruciatibus.

127 3319 160 3385 Si
184 3340 262 3384 uero
286 3320 372 3384 uitae
396 3319 536 3384 melioris
561 3319 723 3402 proposito
746 3320 943 3385 reconditum
968 3339 1079 3384 aurum
1100 3321 1278 3405 argentum·

127 3446 188 3508 qne
221 3445 282 3490 non
321 3425 490 3500 habebant,
523 3425 629 3490 nescio
667 3425 796 3508 quidem
833 3429 939 3490 utrum
979 3426 1125 3508 cuiquam
1163 3425 1275 3490 talium

126 3533 287 3613 acciderit,
312 3536 349 3597 ut
377 3532 452 3597 dum
480 3533 595 3596 habere
625 3532 763 3596 creditur
789 3537 1002 3615 torqueretur:
1032 3553 1143 3598 uerum
1170 3535 1275 3596 tamen

126 3639 252 3704 etiamsi
282 3638 406 3716 occidit,
430 3638 582 3721 proiecto,
607 3639 661 3721 qui
688 3641 771 3703 inber
798 3640 854 3702 illa
881 3643 1037 3706 tomuenta
1058 3641 1275 3722 paupertatem

161 3832 172 3883 1
195 3833 398 3884 monstrauerat
419 3829 519 3898 Opas
539 3829 651 3894 Ilomb.,·
674 3832 817 3884 monuerat
837 3829 1040 3900 abdetqlrf
1136 3833 1152 3885 2
1177 3831 1224 3901 qui
1247 3833 1276 3884 et

124 3917 191 3972 haee
210 3919 252 3973 bo
343 3917 428 3987 ihc]
449 3918 500 3971 hac
519 3917 559 3970 di
640 3918 807 3972 hminemnt
827 3919 847 3971 ἱ1
920 3919 1275 3989 dpraecedeuti,asap.0

125 4006 313 4061 Scristienil
386 4007 418 4060 10
437 4023 489 4076 quo
510 4011 538 4060 et
555 4006 607 4076 ipsi
628 4005 683 4060 a¹o
773 4008 906 4076 Siccaque
925 4009 964 4062 ad
982 4025 1034 4062 non
1056 4013 1185 4063 crantor.
1205 4009 1274 4062 dia

123 4112 241 4166 scarpo
293 4096 550 4150 11mammonaml
602 4099 633 4152 16
652 4113 716 4150 uero
735 4097 768 4150 0¹
819 4099 852 4152 20
872 4099 933 4154 utili
952 4115 1013 4168 arcp.
1033 4099 1081 4152 lia.
1098 4116 1117 4151 a
1167 4099 1272 4152 23cre-

124 4184 221 4239 dantur
239 4184 265 4238 e¹
341 4184 425 4258 ethii
445 4185 547 4239 enimi
600 4187 634 4240 25
655 4185 751 4254 dignos
774 4184 807 4239 0¹
882 4203 941 4240 esse
961 4188 1092 4256 dignaso
1146 4188 1180 4240 26
1194 4187 1272 4240 meli·

124 4275 174 4326 oris
193 4275 305 4331 uitaec
359 4274 392 4327 27
411 4277 500 4328 utrum
521 4273 662 4343 quideme
734 4272 800 4327 tatii
821 4291 839 4328 c
893 4277 927 4329 28
947 4277 1115 4330 acciderete
1174 4277 1207 4330 29
1227 4291 1271 4329 ac-

124 4361 218 4417 ciderit
236 4363 266 4413 ιιι
