3108 4926
301 431 366 494 354
675 426 832 480 Aurelii
859 424 1076 494 Augustini

300 623 464 686 tractetur.
501 620 611 702 Neque
635 621 718 685 euim
741 621 802 685 hoc
826 636 918 702 opere
942 636 1050 682 omnes
1075 616 1217 682 omnium
1243 616 1438 700 philosopho-

301 748 371 792 rum
400 746 498 792 uanas
528 726 691 809 opiniones
719 726 855 790 refirtare
884 723 1103 808 suscepisset
1131 743 1184 789 eas
1208 727 1342 802 tantum,
1365 742 1438 805 quae

303 835 342 899 ad
353 833 535 918 theologico
546 834 711 916 pertinent,
723 851 784 916 qno
799 832 896 897 uerbo
909 830 1028 898 Graeco
1044 829 1216 916 significari
1230 831 1439 916 intellegimus

302 943 340 1008 de
367 941 534 1006 diuinitate
561 941 717 1006 rationem
741 939 809 1004 siue
834 958 1024 1013 sermoncm3
1055 957 1113 1003 nec
1138 957 1190 1003 eas
1215 937 1366 1016 omnium,
1389 937 1439 1002 sed

302 1067 411 1114 eorum
435 1051 569 1126 tantum,
590 1047 644 1130 qui
668 1065 740 1111 oum
764 1048 797 1110 et
820 1066 889 1112 esse
914 1045 1113 1110 diuinitatem
1134 1050 1166 1110 et
1184 1044 1323 1110 humana
1340 1063 1440 1109 curam
1466 1072 1476 1111 s

302 1154 508 1233 consentiant,
541 1173 603 1219 non
636 1157 741 1218 tamen
775 1153 920 1218 sufficere
953 1152 1047 1217 unius
1085 1151 1354 1217 incommutabilis
1387 1149 1440 1215 Dei
1529 1149 1530 1152 ’

302 1263 424 1326 cultum
453 1262 493 1326 ael
520 1263 621 1327 uitam
649 1260 884 1342 adipiscendam
913 1259 1010 1324 etiarn
1041 1261 1115 1341 post
1147 1261 1282 1323 mortem
1312 1257 1438 1327 besum.

302 1368 358 1433 sed
382 1369 501 1434 multos
525 1369 563 1432 ab
587 1367 643 1434 illo
668 1385 743 1432 sane
765 1385 828 1432 uno
849 1366 994 1432 conditos
1014 1365 1115 1448 adque
1134 1365 1301 1430 institutos
1321 1365 1358 1432 ob
1377 1383 1439 1428 eam
1529 1373 1530 1376 ’

302 1493 429 1539 causam
464 1474 612 1540 colendos
644 1476 767 1558 putant.
805 1473 848 1536 Hi
879 1472 942 1536 ianr
973 1473 1067 1536 etiam
1091 1471 1242 1536 Varronis
1272 1471 1438 1555 opinionem
1529 1513 1530 1524 ,

300 1581 446 1645 ueritatis
482 1581 718 1665 propinquitate
756 1579 997 1656 transcendunt3
1036 1578 1063 1643 si
1101 1579 1227 1661 quidem
1259 1579 1315 1644 ille
1346 1581 1438 1643 totam
1454 1603 1473 1639 n

301 1688 484 1772 theologias
516 1689 691 1752 naturalem
723 1705 826 1768 usqne
854 1684 893 1750 ad
920 1685 1074 1750 mundum
1102 1686 1202 1750 istum
1230 1686 1285 1749 uel
1313 1684 1438 1749 animam

302 1794 371 1858 eius
395 1794 559 1860 extendere
583 1794 699 1877 potuit,
717 1793 774 1859 isti
796 1812 871 1858 nero
897 1811 992 1875 supra
1015 1811 1139 1857 omnem
1165 1792 1286 1856 animae
1305 1794 1438 1856 naturam
1529 1871 1530 1880 ἵ

303 1900 492 1966 confitentur·
518 1901 634 1979 Deum,
664 1900 718 1982 qui
746 1920 807 1986 uon
836 1901 939 1966 solum
967 1898 1121 1964 mnndum
1149 1898 1247 1963 istum
1276 1897 1438 1964 uisibiIam.
1529 1899 1530 1972 ξ

303 2007 357 2089 qni
377 2025 470 2090 saepe
490 2006 569 2072 caeli
588 2009 620 2071 et
639 2010 740 2072 terrae
759 2007 884 2072 nornine
904 2009 1114 2088 nuncupatur,
1135 2005 1190 2070 sed
1210 2005 1307 2070 etiam
1326 2021 1438 2070 omnem
1529 2003 1530 2092 1

303 2105 431 2204 omnino
461 2113 599 2178 animam
627 2113 748 2192 fecerit,
773 2116 805 2177 et
832 2114 886 2195 qui
914 2112 1101 2178 rationalem
1129 2115 1162 2176 et
1189 2109 1474 2177 intellectualem.1⁵
1529 2093 1530 2188 l

303 2219 396 2284 cuius
423 2220 545 2306 generis
575 2221 680 2284 anima
707 2220 844 2284 hnmana
876 2223 935 2296 est,
964 2219 1204 2304 participatione
1237 2219 1289 2284 sui
1318 2216 1439 2282 luminis

302 2325 573 2392 incommutabilis
604 2329 637 2391 et
663 2327 839 2408 incorporei
866 2327 989 2392 benum
1019 2327 1105 2390 facit.
1143 2325 1211 2390 Hos
1243 2325 1438 2408 philosophos
1529 2321 1530 2390 3

302 2429 484 2498 Platonicos
521 2431 697 2516 appellatos
731 2452 749 2497 a
780 2433 911 2498 Platona
948 2433 1075 2497 doctore
1112 2431 1270 2496 uocabulo
1308 2428 1438 2494 derinato
1529 2435 1530 2504 1

303 2540 422 2618 nullus,
446 2539 501 2623 qui
529 2541 606 2605 haec
630 2541 683 2605 uel
706 2540 845 2606 tenuiter
868 2540 1001 2618 audiuit,
1027 2540 1159 2625 ignorat.
1198 2539 1245 2604 De
1269 2539 1329 2604 hoc
1351 2537 1440 2620 igituir

303 2645 445 2724 Platone,
465 2666 544 2729 qnae
569 2646 746 2712 necessaria
762 2648 920 2730 praesenti
940 2646 1118 2730 quaestioni
1136 2645 1295 2725 existimo,
1314 2643 1441 2710 breuiter
1454 2655 1474 2693 n

304 2750 475 2835 adtingam,
495 2751 583 2834 prius
607 2752 681 2817 illos
707 2771 965 2831 commemorans,
986 2752 1040 2835 qui
1064 2772 1136 2818 eum
1155 2752 1187 2816 in
1206 2751 1317 2816 eodem
1337 2767 1439 2836 genere
1529 2747 1530 2792 ἲ

303 2857 481 2924 litterarum
505 2863 645 2943 tempore
669 2864 918 2942 praecesserunt.
1529 2835 1530 2868 ³

778 3105 914 3171 CAPUT
937 3107 977 3170 Il.

306 3244 359 3309 De
379 3244 891 3332 duobnaphilosophornm
912 3237 1145 3332 generibus,
1163 3248 1201 3312 id
1221 3245 1439 3313 estltalioo

516 3355 553 3415 et
576 3352 726 3430 lonico,
752 3371 970 3435 eorumque
994 3354 1244 3419 auctoribus.
1455 3365 1474 3404 2⁵

351 3489 512 3569 Quantum
537 3492 618 3556 enirn
639 3491 759 3557 adtinet
777 3492 816 3557 ad
835 3494 957 3558 litteras
979 3492 1126 3573 Graecas,
1146 3513 1225 3576 quae
1244 3495 1352 3579 lingua
1368 3493 1442 3556 inter

306 3600 425 3663 ceteras
460 3599 602 3683 gentium
636 3600 748 3663 clarior
779 3599 922 3678 habetur,
952 3599 1014 3665 duo
1046 3601 1309 3684 philosophorum
1338 3617 1441 3684 genera

304 3704 486 3769 traduntur:
515 3725 613 3770 unum
636 3705 784 3770 Italicum
810 3725 845 3770 er
870 3726 906 3771 ea
928 3709 1015 3789 parte
1038 3708 1159 3786 Italiae,
1185 3726 1264 3791 quae
1292 3705 1440 3792 quondam

305 3831 418 3895 magna
444 3811 574 3876 Graecia
602 3816 783 3895 nuncupata
811 3816 873 3889 est;
902 3813 1036 3878 alterum
1055 3815 1198 3879 Ionicum
1221 3814 1253 3879 in
1279 3815 1324 3880 eis
1346 3813 1440 3885 terris,

344 4051 580 4110 lo'mnesom.C¹
636 4055 768 4126 3quode
821 4058 930 4126 tpriua
944 4063 972 4112 et
986 4075 1036 4112 our.
1052 4059 1076 4114 e¹
1146 4061 1244 4113 essetc
1298 4059 1441 4114 titianus

306 4143 477 4213 opinioneO
532 4145 564 4198 10
583 4143 805 4199 transcedunt0¹
863 4147 892 4200 11
915 4147 972 4200 eius
992 4149 1141 4202 animumn
1193 4147 1225 4201 12
1244 4149 1350 4202 animae
1369 4145 1441 4201 onul

307 4235 341 4286 14
360 4249 464 4286 ornnem
485 4233 601 4288 etiamn
658 4235 692 4288 16
711 4235 801 4288 anima
820 4235 937 4289 humana
957 4235 1043 4300 ests²
1099 4237 1130 4290 17
1149 4235 1274 4291 fecerite
1322 4237 1354 4292 19
1373 4237 1441 4290 lrocc

305 4321 340 4376 20
360 4322 455 4374 estimo
474 4338 488 4374 a
560 4319 742 4376 braebiterC
795 4325 829 4377 22
848 4325 980 4394 ternpore]
1001 4340 1098 4394 genere
1119 4325 1129 4379 l
