3072 4930
604 415 630 471 S.
660 414 817 470 Aurelii
843 415 1059 486 Augustini

699 610 836 677 CAPUT
859 611 961 676 XVII.

257 751 337 834 Quo
365 753 494 819 fructu
526 752 682 818 Romani
710 753 811 817 bella
844 753 1038 836 gesserint
1065 755 1102 816 et
1130 757 1309 836 quantum
1344 751 1408 817 bis

578 878 670 942 quoe
693 859 822 924 uicere
846 859 1089 924 contulerint.

301 1003 463 1086 Quantum
496 1001 579 1067 enim
611 1001 749 1084 pertinet
779 1003 818 1066 ad
853 1002 934 1066 hauc
965 1002 1065 1066 uitam
1097 1003 1290 1081 mortalium,
1323 1021 1410 1085 quae

256 1109 368 1196 paucis
393 1109 504 1176 diebus
530 1108 658 1174 ducitur
681 1112 713 1174 et
735 1108 853 1188 finitur,
887 1109 964 1192 quid
991 1109 1122 1174 interest
1146 1109 1205 1174 sub
1230 1109 1322 1174 cuins
1346 1109 1408 1174 im·
1439 1127 1453 1165 ⁵

255 1217 342 1302 perio
374 1216 466 1282 uiuet
498 1217 593 1280 homo
627 1215 812 1292 moriturus,
846 1215 873 1280 si
904 1215 953 1280 illi
982 1216 1036 1298 qui
1063 1215 1220 1297 imperant
1248 1215 1288 1279 ad
1318 1215 1411 1297 inpia

257 1327 290 1388 et
311 1323 420 1405 iniqua
443 1342 504 1388 non
534 1325 668 1408 cogant?
713 1323 780 1388 Aut
812 1341 886 1388 uero
920 1321 1041 1405 aliquid
1068 1325 1243 1386 nocuemnt
1269 1322 1410 1387 Romani

255 1430 415 1516 gentibus,
440 1429 556 1513 quibus
581 1429 761 1512 subiugatis
785 1429 996 1511 inposuerunt
1017 1429 1106 1512 leges
1131 1447 1215 1503 suas,
1244 1428 1306 1494 nisi
1330 1428 1410 1510 quia

255 1537 289 1602 id
311 1537 433 1601 factum
456 1537 507 1599 est
527 1535 650 1619 ingenti
678 1538 782 1618 strage
810 1535 989 1600 bellorum?
1035 1531 1127 1612 Quod
1155 1533 1183 1598 ei
1207 1533 1411 1598 concorditer

255 1643 354 1720 fieret,
376 1642 410 1706 id
432 1641 539 1724 ipsum
562 1640 653 1706 fieret
674 1641 805 1706 meliore
825 1659 991 1718 successu;
1016 1640 1071 1705 sed
1090 1640 1179 1704 nulla
1197 1644 1285 1704 esset
1304 1640 1410 1724 gloria
1429 1661 1455 1700 ro

254 1748 528 1833 triumphantium.
574 1747 685 1830 Neque
719 1747 801 1811 enim
835 1751 866 1812 et
897 1747 1030 1812 Romani
1062 1766 1124 1811 non
1156 1747 1310 1811 uiuebant
1344 1747 1408 1811 sub

253 1857 380 1940 legibus
404 1855 482 1933 suis,
507 1873 585 1936 qnos
610 1854 723 1918 ceteris
744 1854 947 1937 inponebant.
970 1854 1039 1919 Hoc
1059 1853 1087 1918 si
1104 1852 1195 1918 fieret
1213 1852 1281 1917 sine
1301 1853 1408 1918 Marte

256 1967 287 2028 et
310 1962 451 2039 Bellona,
484 1963 521 2026 nt
545 1979 602 2025 nec
628 1960 768 2024 Victoria
791 1958 897 2024 locum
925 1960 1065 2037 haberet,
1097 1959 1222 2024 nemine
1255 1959 1408 2025 uincente

255 2070 311 2135 ubi
334 2088 425 2134 nemo
449 2071 660 2152 pugnauerat:
680 2086 783 2132 nonne
806 2067 958 2132 Romanis
982 2071 1015 2132 et
1033 2068 1145 2132 ceteris
1167 2067 1317 2151 gentibus
1341 2087 1409 2132 una

255 2179 341 2242 esset
377 2176 549 2257 eademqne
587 2174 752 2240 condicio?
784 2174 969 2257 praesertim
1007 2174 1034 2238 si
1071 2192 1142 2238 mox
1179 2173 1280 2252 fieret,
1319 2175 1408 2256 quod
1427 2193 1453 2232 n

253 2287 366 2367 postea
391 2283 570 2367 gratissime
590 2281 692 2364 adque
712 2282 940 2346 humanissime
959 2281 1079 2346 sactum
1100 2285 1159 2358 est,
1177 2286 1216 2344 ut
1233 2299 1345 2346 omnes
1366 2283 1407 2346 ad

254 2390 433 2454 Romanum
457 2389 625 2472 imperium
643 2388 835 2472 pertinentes
856 2388 1040 2452 societatem
1060 2387 1240 2469 acciperent
1259 2387 1407 2453 ciuitatis

255 2499 288 2560 et
309 2496 444 2560 Romani
468 2494 554 2560 ciues
579 2498 696 2572 essent,
721 2514 756 2559 ac
781 2495 828 2559 sic
851 2497 937 2559 esset
959 2494 1112 2571 omnium,
1137 2494 1221 2577 qnod
1245 2497 1314 2558 erat
1332 2497 1407 2559 ante

254 2620 442 2685 paucorum
477 2602 601 2664 tantum
627 2599 712 2682 quod
736 2598 826 2684 plebs
849 2599 915 2676 illa,
941 2618 1020 2681 quae
1045 2617 1122 2664 snos
1147 2618 1239 2684 egros
1263 2619 1326 2665 nou
1350 2601 1407 2666 ha·

254 2708 355 2786 beret,
379 2707 416 2771 de
440 2707 568 2790 publico
592 2707 730 2782 uiueret;
762 2707 815 2788 qni
838 2708 949 2788 paetus
975 2705 1043 2770 eins
1066 2725 1123 2788 per
1145 2707 1245 2771 bonos
1269 2707 1407 2772 admini-
1423 2727 1452 2767 so

255 2817 406 2879 stratores
430 2813 472 2877 rei
493 2813 639 2896 publicae
664 2813 785 2896 gratius
805 2831 823 2876 a
842 2811 1050 2876 concordibus
1073 2816 1288 2894 praestaretur
1307 2833 1406 2897 quam

254 2920 350 2984 uictis
374 2921 619 3002 extorqueretur.

298 3025 379 3090 Nam
399 3025 476 3108 quid
498 3025 626 3090 intersit
648 3025 688 3089 ad
711 3023 964 3089 incolumitatem
988 3025 1150 3107 bonosque
1172 3044 1288 3104 mores,
1312 3026 1406 3108 ipsas

255 3137 339 3197 certe
362 3132 527 3196 hominum
551 3131 733 3216 dignitates,
767 3131 851 3213 qnod
875 3133 930 3196 olii
953 3133 1110 3210 uicerunt,
1139 3132 1193 3195 alii
1211 3132 1291 3196 uicti
1314 3138 1404 3209 sunt,

254 3239 381 3304 omnino
405 3257 466 3303 non
486 3237 590 3316 uideo,
615 3241 739 3320 praeter
756 3239 848 3302 illurn
868 3239 987 3322 gloriae
1006 3239 1160 3304 humanae
1178 3239 1405 3305 inanissimum
1422 3259 1449 3299 es

254 3345 383 3420 fastum,
407 3345 438 3409 in
463 3365 524 3427 qno
548 3349 756 3427 perceperunt
778 3345 956 3409 mercedem
980 3365 1082 3424 snam,
1106 3345 1160 3428 qui
1184 3345 1253 3410 eius
1277 3345 1404 3430 ingenti

254 3451 401 3532 cupidine
426 3456 571 3516 arserunt
594 3455 626 3516 et
649 3451 792 3516 ardentia
813 3451 899 3516 bella
922 3455 1097 3535 gesserunt.
1125 3451 1291 3534 Numquid
1315 3453 1404 3518 enim

253 3557 381 3622 illorum
407 3558 475 3641 egri
498 3559 617 3622 tributa
639 3577 701 3623 nou
725 3557 877 3624 solnnnt?
905 3557 1069 3641 Numquid
1097 3558 1144 3624 eis
1166 3558 1243 3623 licet
1265 3557 1404 3638 discere,

254 3664 339 3746 quod
362 3663 433 3728 aliis
456 3683 518 3728 non
541 3664 639 3728 licet?
686 3663 851 3746 Numquid
878 3683 939 3728 non
968 3665 1062 3728 multi
1086 3667 1246 3730 senatores
1270 3665 1404 3746 suntin

344 3856 356 3908 1
387 3856 418 3909 in
440 3855 462 3907 0
487 3854 589 3924 capitis
606 3855 703 3908 XVII
727 3871 856 3910 numerus
884 3855 1042 3923 adscriptus
1069 3859 1107 3908 eat
1134 3854 1226 3908 uerbis
1244 3853 1314 3908 Nam
1335 3857 1404 3924 quid

254 3943 271 3998 l.
292 3947 332 3998 23
404 3943 582 4012 egesserunt
596 3961 617 4011 p
704 3941 851 4013 equare
938 3943 1047 3998 uincere
1061 3960 1098 4013 p,-
1116 3941 1247 3997 dicereO
1336 3961 1404 3998 cou-

253 4032 375 4086 tulerunt
390 4049 411 4100 p
466 4031 623 4085 6nibotL
677 4031 930 4100 daubiungatisG
983 4033 1013 4086 ll
1035 4031 1210 4085 uibebantL
1266 4033 1300 4086 12
1321 4032 1403 4102 inpo-

252 4121 336 4174 nebat
357 4120 390 4173 0ι
446 4121 479 4174 14
496 4135 567 4174 none
588 4119 622 4172 Ο1
693 4121 820 4188 gentibue
839 4137 891 4177 om.
911 4141 928 4174 α
983 4119 1110 4200 ld0ibes
1129 4119 1169 4188 1.;
1187 4120 1254 4174 ciuis
1275 4120 1310 4175 0¹
1377 4122 1402 4175 si

256 4235 347 4290 o¹ao
417 4237 453 4290 no
472 4235 577 4288 urbere
595 4236 622 4289 r.
693 4239 786 4306 pascos
807 4235 839 4288 0¹
908 4237 942 4290 25
962 4201 1088 4291 omine
1147 4237 1180 4289 ar
1201 4235 1338 4306 arcenus]
1358 4237 1401 4290 rn-

253 4324 347 4392 gentie
366 4321 467 4378 b²e²lc¹
521 4325 554 4377 28
573 4323 684 4381 solbunt
701 4324 728 4379 L
800 4325 929 4396 namquid
950 4325 983 4379 0¹
