3094 4932
347 455 397 508 De
426 453 599 510 ciuitate
628 453 689 508 dci
717 453 783 507 lib.
807 453 828 510 1.
856 469 930 522 cap.
954 453 997 508 26.
1018 454 1060 506 27.
1237 455 1278 519 47

126 655 240 716 utrum
265 651 373 716 diuina
395 649 497 714 iussio
521 649 608 714 nullo
632 651 723 713 nutet
744 649 876 714 incerto.
909 645 975 712 Nos
999 665 1056 732 per
1078 665 1186 712 aurem
1209 667 1280 713 oon·

128 759 298 823 scientiam
328 758 547 834 conuenimus,
572 759 770 821 occultorum
798 755 889 820 nobis
917 755 1072 819 iudicium
1099 773 1161 819 non
1190 773 1280 818 usur·

126 885 255 947 pamus.
281 864 402 930 Nemo
427 863 508 928 scit
532 861 629 946 quid
652 866 796 948 agatur
817 862 858 926 in
881 861 1041 927 homine
1060 861 1141 926 nisi
1161 860 1279 944 spiri·

127 976 195 1037 tus
214 973 405 1049 hominis,
421 971 489 1054 qui
506 971 546 1036 in
565 971 654 1053 ipso
675 973 747 1035 est.
770 971 841 1035 Hoc
856 969 1003 1048 dicimus,
1018 969 1278 1048 meminerimus,

93 1080 187 1143 ahoe
212 1079 317 1144 modis
338 1078 485 1144 omnibus
505 1077 726 1161 adprobamus,
745 1077 903 1141 neminem
923 1079 1125 1160 spontaneam
1144 1079 1279 1142 mortem

126 1187 189 1249 sibi
223 1187 337 1250 inferre
370 1185 481 1250 debere
513 1187 605 1250 uelut
636 1183 787 1268 fugiendo
819 1183 983 1249 molestias
1011 1185 1212 1266 temporales,
1241 1203 1279 1248 ne

126 1293 249 1356 incidat
270 1293 303 1356 in
327 1297 510 1376 perpetuam
535 1291 692 1356 neminem
716 1293 843 1374 propter
867 1291 969 1354 aliena
991 1295 1131 1374 peccata,
1156 1309 1194 1354 ne
1217 1290 1277 1356 hoo

124 1399 196 1480 ipsc
216 1399 350 1481 incipiat
367 1399 482 1464 habere
501 1399 727 1483 grauissimum
743 1398 916 1480 proprium,
932 1415 1026 1480 quern
1041 1417 1100 1462 non
1115 1397 1279 1480 polluebat

126 1506 282 1582 alienum;
306 1506 463 1570 neminem
482 1509 611 1590 propter
629 1525 688 1570 sua
705 1507 837 1588 peccatu
853 1505 1034 1587 praeterita,
1053 1507 1180 1588 propter
1198 1523 1277 1586 quae

80 1635 106 1675 rc
124 1613 230 1696 magis
253 1612 314 1676 hac
337 1612 405 1677 uita
428 1631 507 1694 opus
533 1616 592 1689 est,
617 1614 653 1676 ut
675 1612 801 1694 possint
822 1611 1009 1694 paenitendo
1034 1610 1156 1685 sanari;
1181 1610 1277 1674 nemi·

125 1737 199 1782 nem
218 1719 311 1784 uelut
331 1718 486 1783 desiderio
505 1719 591 1783 uitae
609 1719 856 1800 melioris,quae
874 1721 1101 1800 postmortem
1121 1721 1275 1800 speratur,

124 1825 203 1907 quia
230 1843 302 1889 reos
331 1843 406 1888 suae
428 1825 540 1890 mortis
564 1825 678 1888 melior
699 1826 773 1906 post
795 1827 930 1888 mortem
954 1823 1022 1888 uita
1046 1841 1104 1887 non
1130 1823 1275 1904 suscipit.

556 2017 693 2084 CAPUT
717 2017 851 2082 XXVII.

24 2177 31 2190 ·
124 2161 178 2224 An
203 2162 372 2243 propter
396 2159 715 2225 declinationem
739 2159 899 2241 peceati
923 2177 1028 2224 murs
1049 2161 1275 2242 spontanea

81 2275 122 2333 15'
541 2265 770 2348 adpetenda
793 2265 859 2331 sit.

167 2407 281 2472 Restat
298 2427 362 2471 une
381 2427 486 2486 causa,
502 2407 539 2472 de
559 2426 621 2489 qua
640 2406 743 2472 dicere
763 2426 938 2491 coeperam,
961 2428 1022 2490 qua
1039 2407 1120 2473 utile
1143 2410 1275 2492 putatur

124 2519 160 2578 ut
188 2535 223 2579 se
252 2515 388 2598 quisque
415 2513 593 2594 interficiat,
622 2514 806 2580 scilicetne
834 2516 865 2580 in
895 2519 1060 2598 peccatum
1089 2515 1194 2580 innuat
1220 2515 1274 2580 uel

124 2619 306 2686 blandiente
334 2623 499 2705 uoluptate
528 2621 581 2685 uel
610 2620 716 2685 dolore
745 2621 917 2686 saeuiente.
960 2620 1062 2700 Quam
1091 2641 1220 2686 eausam
1245 2621 1272 2686 si

124 2730 322 2794 noluerimus
352 2729 529 2806 admittere,
555 2748 590 2793 eo
620 2747 723 2811 usque
751 2749 918 2813 progressa
942 2728 1116 2812 perueniet,
1140 2732 1177 2794 ut
1204 2729 1274 2794 hor-

81 2837 209 2900 rctandi
244 2838 309 2901 sint
340 2835 484 2901 homines
517 2839 593 2899 tunc
626 2855 660 2899 se
691 2837 800 2919 potius
826 2837 1016 2914 interimere,
1045 2853 1116 2900 oum
1146 2835 1271 2902 lauacro

124 2949 250 3007 sanctae
278 2943 525 3026 regenerationis
554 2940 654 3006 abluti
681 2943 902 3007 uniuersorum
933 2941 1152 3006 remissionem
1185 2962 1271 3007 acce-

122 3051 225 3130 penint
255 3054 467 3133 peccatorum.
513 3049 599 3114 Tunc
633 3049 715 3113 enim
748 3053 876 3132 tempus
916 3053 965 3112 est
999 3048 1130 3113 cauendi
1168 3049 1272 3114 omnia

122 3156 229 3221 futura
261 3160 401 3239 peccata,
432 3175 503 3220 cum
537 3158 611 3219 sunt
638 3155 743 3219 omnia
771 3154 876 3218 deleta
902 3153 1080 3236 praeterita.
1124 3151 1214 3232 Quod
1243 3155 1270 3218 si

122 3267 221 3328 morte
255 3266 428 3346 spontanea
458 3266 544 3327 recte
576 3261 622 3339 fit,
656 3281 738 3344 quur
768 3281 829 3326 non
862 3265 939 3326 tuno
972 3259 1175 3344 potissimum
1212 3261 1269 3325 lit?

81 3391 104 3430 a
123 3368 211 3448 Quur
236 3370 418 3452 baptizatus
446 3370 507 3436 sibi
535 3368 670 3452 quisque
698 3369 819 3451 percit?
858 3367 946 3448 Qnur
972 3367 1140 3432 liberatum
1175 3371 1270 3452 caput

210 3618 228 3669 4
249 3613 272 3668 1.
293 3613 352 3670 Cor.
373 3615 398 3678 2,
420 3613 450 3668 11

154 3773 239 3844 bad]
260 3773 404 3843 probamus
424 3773 488 3826 ciac
505 3771 615 3826 reditui
705 3769 857 3824 liucedat
877 3769 910 3824 01
1000 3769 1095 3838 8ipse
1117 3769 1189 3836 C²v;
1207 3771 1265 3839 ipso

118 3860 451 3930 LAC¹abdepquic¹
543 3858 825 3914 thsecA²G²ulr¹
924 3859 954 3912 11
975 3863 1098 3928 speratur
1109 3899 1184 3914 .....
1194 3875 1266 3912 mor·

119 3957 172 4005 tem
191 3952 224 4005 irs
241 3967 361 4020 murce
417 3951 449 4004 12
469 3965 529 4002 reus
552 3949 598 4016 0¹,-
616 3965 728 4052 renuide
801 3947 922 4016 suscepit
942 3947 973 4000 01
1038 3947 1070 4000 16
1089 3947 1186 3999 Restat
1203 3963 1264 4009 uns,

116 4068 300 4136 uspersus-ipio
319 4083 353 4122 m.
372 4081 423 4120 rec.
444 4081 516 4134 ergo,
536 4068 560 4118 Δ
634 4065 666 4120 19
691 4063 816 4116 amittere
835 4062 861 4116 L
933 4063 968 4116 20
991 4062 1076 4116 thone
1094 4060 1165 4114 Lnl¹
1183 4067 1208 4114 et
1225 4063 1266 4115 sic

118 4199 219 4251 semper
273 4179 519 4251 potinsom.L¹A¹
574 4145 743 4234 interiment*
796 4196 876 4247 quum
890 4179 997 4232 labacro
1011 4179 1067 4231 LA
1113 4133 1266 4230 21111110

119 4273 305 4326 uniuersorum
323 4273 431 4340 tempus
450 4285 547 4323 renue
654 4271 816 4337 acceperunt
837 4265 870 4321 01
960 4269 995 4322 23
1021 4265 1264 4322 lutura...cmnia

118 4361 147 4414 a'n
164 4377 248 4430 usurp.
269 4375 289 4412 u
362 4359 452 4411 omnia
470 4361 566 4412 sunto
620 4356 818 4411 251iueratum
839 4356 897 4410 LA
