3094 4932
378 417 427 471 De
457 419 633 474 ciuitate
665 420 727 474 dei
755 421 820 474 lib.
849 422 870 478 l.
901 439 975 492 cap.
1005 427 1030 478 5.
1061 425 1085 478 6.
1265 431 1302 492 11

620 616 756 682 CAPUT
780 616 835 683 Vl.

151 752 263 832 Quod
298 775 343 820 ue
371 757 537 821 Romani
572 757 734 840 quidem
765 760 824 823 ita
856 760 964 824 ullas
994 759 1178 842 ceperint
1209 763 1304 827 ciui-

224 863 346 940 tates,
369 866 414 926 nt
436 863 474 927 in
498 865 666 947 templis
692 883 825 929 earum
849 870 1067 948 parcerent
1090 868 1231 934 uictis.

199 1002 283 1083 Quid
308 1025 382 1088 ergo
407 1025 463 1088 per
486 1007 604 1071 multas
630 1011 752 1092 genter,
778 1027 857 1090 quae
883 1007 964 1072 inter
982 1027 1016 1072 se
1035 1009 1120 1073 bella
1139 1016 1307 1094 gesserunt

119 1116 185 1175 set
220 1130 379 1193 nusquam
412 1113 508 1177 uictis
540 1113 571 1176 in
606 1115 735 1179 deorum
770 1133 898 1180 suorum
928 1115 1057 1180 sedibus
1086 1123 1306 1200 pepercerunt,

152 1220 260 1282 noster
276 1237 378 1282 sermo
394 1218 570 1284 discurrat?
585 1221 744 1285 Romanos
758 1222 846 1304 ipsos
858 1222 1036 1298 uideamus,
1052 1223 1151 1305 ipsos,
1166 1223 1305 1306 inquam,

151 1323 329 1389 recolamus
345 1326 617 1410 respiciamusque
632 1328 802 1404 Romanor,
824 1329 861 1394 de
877 1349 1010 1412 qnorum
1026 1329 1195 1413 praecipua
1212 1330 1306 1394 lauda

155 1431 275 1496 dietum
302 1436 365 1497 est:
505 1432 512 1448 '

243 1561 367 1620 Parcere
390 1562 529 1621 subiectis
554 1572 583 1621 et
606 1564 750 1622 debellare
774 1565 924 1638 superbos,

109 1705 134 1743 ro
153 1687 185 1746 et
213 1681 300 1762 qnod
328 1686 458 1766 accepta
485 1682 600 1747 iniuria
630 1683 795 1767 ignoscere
825 1703 918 1766 quam
951 1683 1099 1766 persequi
1131 1685 1305 1752 urslebant:

153 1788 277 1870 quando
302 1791 352 1851 tot
375 1790 543 1870 tantasque
566 1789 672 1868 urbes,
697 1795 732 1854 ut
755 1793 819 1856 late
844 1791 1087 1867 dominarentur,
1112 1795 1306 1876 expugnatas

152 1897 326 1977 captasque
364 1900 555 1974 auerterunt,
597 1898 722 1982 legatur
759 1897 850 1962 nobis
889 1917 967 1980 quae
1009 1899 1129 1981 templa
1166 1899 1306 1982 excipere

152 2001 308 2076 solebant,
342 2006 379 2065 ut
407 2001 444 2067 ad
475 2023 512 2067 ea
540 2005 685 2086 quisquis
715 2004 915 2086 confugisset
942 2005 1136 2070 liberaretur.
1178 2005 1225 2069 An
1259 2005 1307 2069 illi

152 2108 312 2173 iaciebant
340 2112 372 2173 et
400 2109 569 2192 scriptores
594 2110 763 2176 earundem
792 2131 898 2174 rerum
925 2115 1085 2194 gestarum
1109 2113 1172 2176 ista
1194 2112 1306 2176 retice·

111 2217 251 2281 rabant?
284 2217 334 2280 Ita
360 2236 447 2294 uero,
480 2218 535 2300 qui
564 2237 600 2282 ea
628 2237 707 2300 quae
735 2217 901 2282 laudarent
927 2219 1062 2282 marimo
1095 2219 1305 2300 requirebant,

153 2323 215 2388 ista
229 2325 483 2405 praeclarissima
497 2323 672 2389 secundum
691 2323 779 2406 ipsos
799 2325 927 2406 pietatis
947 2324 1063 2388 indicia
1082 2325 1306 2406 praeterirent?

152 2431 310 2514 Egregius
339 2431 472 2494 Romani
504 2431 639 2495 nominis
669 2431 796 2494 Marcus
828 2431 1011 2496 Marcellus.
1047 2432 1101 2513 qui
1135 2431 1306 2514 Syracusas

153 2537 265 2601 urbem
286 2537 520 2602 ornatissimam
540 2537 636 2620 cepit,
655 2537 790 2602 refertur·
809 2556 878 2600 eam
897 2538 985 2619 prius
1004 2537 1133 2602 fleuisse
1152 2537 1306 2602 ruituram

155 2649 187 2707 st
214 2647 287 2708 ante
316 2645 384 2708 eius
414 2644 600 2728 sangninem
634 2663 709 2708 suas
742 2643 791 2706 illi
818 2643 965 2707 lacrimas
995 2644 1155 2708 effudisse.
1200 2643 1309 2709 Gessit

113 2773 138 2812 ao
156 2755 188 2814 et
207 2766 316 2814 euram
334 2749 507 2832 pudicitiae
528 2750 623 2814 etiam
642 2751 673 2814 in
693 2751 785 2816 hoste
811 2751 992 2816 seruandae.
1016 2749 1098 2814 Nam
1122 2749 1306 2833 priusquam

155 2856 308 2940 oppidum
341 2857 444 2921 uictor
476 2857 626 2922 iussisset
658 2858 775 2935 isuadi,
814 2857 983 2922 constituit
1014 2857 1128 2934 edicto,
1166 2877 1204 2921 ne
1237 2857 1309 2939 quis

156 2983 271 3045 corpus
295 2963 431 3028 liberum
455 2963 601 3028 uiolaret.
625 2963 745 3028 Euersa
769 2966 946 3028 esttamen
972 2963 1086 3028 ciuitas
1106 2983 1192 3028 more
1211 2963 1308 3027 bello·

155 3091 237 3150 rum,
272 3090 330 3135 nec
366 3071 490 3153 uspiam
527 3071 648 3154 legitur
683 3071 721 3135 ab
759 3071 948 3152 imperatore
986 3073 1050 3135 tam
1084 3075 1173 3134 casto
1207 3069 1308 3152 adque

156 3177 306 3242 clementi
338 3177 439 3242 luisse
472 3183 687 3261 praeceptum,
720 3181 757 3244 ut
792 3179 939 3260 quisquis
973 3178 1012 3242 ad
1039 3177 1120 3241 illud
1148 3178 1200 3241 uel
1227 3177 1309 3240 illud

111 3311 137 3349 aa
155 3285 312 3366 templum
336 3285 475 3368 fugisset
498 3285 666 3350 haberetur
688 3285 839 3349 inlaesus.
865 3283 957 3364 ercd
976 3285 1088 3366 utique
1107 3283 1194 3347 nnllc
1214 3282 1308 3347 modo

155 3390 387 3473 praeteriretur,
417 3391 540 3472 quando
569 3411 625 3456 nec
655 3393 723 3456 eius
752 3391 846 3456 fletus
878 3409 935 3455 neo
969 3391 1052 3473 quod
1086 3389 1224 3454 edixerat
1251 3407 1306 3470 pro

156 3497 311 3580 pudicitia
342 3497 471 3562 minime
505 3498 653 3564 uiolanda
680 3499 787 3582 potuit
814 3498 923 3564 taceri.
964 3497 1093 3574 Fabius,
1122 3495 1306 3560 Tarentinae

249 3724 282 3776 10
302 3721 362 3778 cat.
382 3723 399 3776 9

192 3850 207 3902 5
228 3863 335 3900 suorum
356 3847 433 3902 ocal
480 3848 494 3900 7
515 3847 548 3900 de
568 3847 665 3916 quibus
681 3850 718 3901 ῑα
764 3849 797 3902 10
817 3849 916 3904 iniuria
934 3865 968 3902 m.
986 3853 1005 3902 2
1023 3865 1056 3902 aa
1074 3848 1178 3900 iniusta
1197 3863 1265 3902 corr.
1285 3847 1309 3900 O

157 3936 307 3990 mallebant
326 3937 336 3988 l
391 3937 424 3990 15
443 3937 483 3990 ita
501 3953 566 3990 uero
589 3937 739 4006 Gobdlp
751 3955 767 4006 q
780 3938 823 3991 ab
836 3947 871 4007 ᾗ·
888 3937 963 3990 itane
983 3953 1047 3990 uero
1063 3953 1101 3991 eo
1147 3937 1179 3989 17
1199 3935 1306 3990 Marcus

157 4041 217 4095 cup.
238 4027 288 4080 lin.
310 4026 334 4080 C
378 4026 411 4079 18
431 4026 592 4080 seruitutem
610 4027 793 4096 superscripto
807 4031 870 4080 m.2
885 4027 897 4079 l
911 4027 1024 4088 ruitura,
1041 4042 1059 4078 a
1106 4027 1139 4079 19
1158 4024 1261 4078 fudisse
1277 4025 1306 4076 ιι1

159 4115 192 4168 20
211 4131 311 4180 curam,
330 4131 346 4168 a
365 4131 398 4168 aa
416 4131 433 4194 rr
452 4130 531 4179 corr,
554 4115 576 4168 C
653 4116 685 4168 21
707 4115 795 4170 edicto
815 4115 999 4184 superscripto
1019 4117 1084 4169 Μ
1101 4114 1115 4167 l
1134 4113 1268 4168 edictione
1289 4131 1307 4166 a

158 4231 191 4285 23
210 4231 333 4300 usipiaa
423 4195 531 4286 custoe
612 4232 645 4288 25
665 4231 810 4284 haberetur
829 4229 923 4298 codd.;
942 4230 1064 4284 abireto
1143 4230 1176 4282 27
1196 4227 1306 4298 flabius,

159 4318 320 4382 torcamo
