<?xml version="1.0" encoding="UTF-8"?>
<!DOCTYPE html PUBLIC "-//W3C//DTD XHTML 1.0 Transitional//EN"
    "http://www.w3.org/TR/xhtml1/DTD/xhtml1-transitional.dtd">
<html xmlns="http://www.w3.org/1999/xhtml" xml:lang="en" lang="en">
 <head>
  <title>
</title>
<meta http-equiv="Content-Type" content="text/html;charset=utf-8" />
  <meta name='ocr-system' content='tesseract 3.04.00' />
  <meta name='ocr-capabilities' content='ocr_page ocr_carea ocr_par ocr_line ocrx_word'/>
</head>
<body>
  <div class='ocr_page' id='page_1' title='image "./corpusscriptoru20wiengoog_0253.png"; bbox 0 0 3072 4930; ppageno 0'>
   <div class='ocr_carea' id='block_1_1' title="bbox 271 410 1074 482">
    <p class='ocr_par' dir='ltr' id='par_1_1' title="bbox 271 410 1074 482">
     <span class='ocr_line' id='line_1_1' title="bbox 271 410 1074 482; baseline -0.01 -9"><span class='ocrx_word' id='word_1_1' title='bbox 271 415 336 480; x_wconf 92' lang='grc'>222</span> <span class='ocrx_word' id='word_1_2' title='bbox 614 413 640 466; x_wconf 85' lang='lat' dir='ltr'>S.</span> <span class='ocrx_word' id='word_1_3' title='bbox 670 410 826 465; x_wconf 83' lang='lat' dir='ltr'>Aurelii</span> <span class='ocrx_word' id='word_1_4' title='bbox 854 411 1074 482; x_wconf 73' lang='lat' dir='ltr'><strong>Augustini</strong></span> 
     </span>
    </p>
   </div>
   <div class='ocr_carea' id='block_1_2' title="bbox 269 605 1422 994">
    <p class='ocr_par' dir='ltr' id='par_1_2' title="bbox 269 605 1422 994">
     <span class='ocr_line' id='line_1_2' title="bbox 269 605 1421 691; baseline -0.001 -18"><span class='ocrx_word' id='word_1_5' title='bbox 269 609 391 690; x_wconf 85' lang='lat' dir='ltr'>Nempe</span> <span class='ocrx_word' id='word_1_6' title='bbox 424 606 664 672; x_wconf 85' lang='lat' dir='ltr'>euidentissime</span> <span class='ocrx_word' id='word_1_7' title='bbox 695 605 755 671; x_wconf 93' lang='lat' dir='ltr'>hoc</span> <span class='ocrx_word' id='word_1_8' title='bbox 788 607 903 672; x_wconf 90' lang='lat' dir='ltr'>ultimo</span> <span class='ocrx_word' id='word_1_9' title='bbox 935 625 1032 671; x_wconf 88' lang='lat' dir='ltr'>uersu</span> <span class='ocrx_word' id='word_1_10' title='bbox 1065 625 1101 671; x_wconf 82' lang='lat' dir='ltr'>aa</span> <span class='ocrx_word' id='word_1_11' title='bbox 1137 607 1203 672; x_wconf 83' lang='lat' dir='ltr'>iata</span> <span class='ocrx_word' id='word_1_12' title='bbox 1235 607 1421 691; x_wconf 74' lang='lat' dir='ltr'>appellauit,</span> 
     </span>
     <span class='ocr_line' id='line_1_3' title="bbox 271 713 1420 798; baseline -0.002 -18"><span class='ocrx_word' id='word_1_13' title='bbox 271 735 366 798; x_wconf 87' lang='lat' dir='ltr'>quam</span> <span class='ocrx_word' id='word_1_14' title='bbox 391 734 487 798; x_wconf 89' lang='lat' dir='ltr'>supra</span> <span class='ocrx_word' id='word_1_15' title='bbox 517 713 637 778; x_wconf 84' lang='lat' dir='ltr'>dixerat</span> <span class='ocrx_word' id='word_1_16' title='bbox 667 713 785 778; x_wconf 87' lang='lat' dir='ltr'>summi</span> <span class='ocrx_word' id='word_1_17' title='bbox 814 713 913 798; x_wconf 87' lang='lat' dir='ltr'>patris</span> <span class='ocrx_word' id='word_1_18' title='bbox 945 713 1159 792; x_wconf 83' lang='lat' dir='ltr'>uoluntatem3</span> <span class='ocrx_word' id='word_1_19' title='bbox 1194 715 1246 779; x_wconf 90' lang='lat' dir='ltr'>cui</span> <span class='ocrx_word' id='word_1_20' title='bbox 1274 717 1420 798; x_wconf 84' lang='lat' dir='ltr'>paratum</span> 
     </span>
     <span class='ocr_line' id='line_1_4' title="bbox 270 819 1422 905; baseline -0.003 -17"><span class='ocrx_word' id='word_1_21' title='bbox 270 841 304 888; x_wconf 84' lang='lat' dir='ltr'>ae</span> <span class='ocrx_word' id='word_1_22' title='bbox 328 821 475 888; x_wconf 87' lang='lat' dir='ltr'>oboedire</span> <span class='ocrx_word' id='word_1_23' title='bbox 498 820 586 899; x_wconf 90' lang='lat' dir='ltr'>dicit,</span> <span class='ocrx_word' id='word_1_24' title='bbox 610 823 648 884; x_wconf 91' lang='lat' dir='ltr'>ut</span> <span class='ocrx_word' id='word_1_25' title='bbox 670 819 780 885; x_wconf 88' lang='lat' dir='ltr'>uolens</span> <span class='ocrx_word' id='word_1_26' title='bbox 805 819 950 896; x_wconf 81' lang='lat' dir='ltr'>ducatur,</span> <span class='ocrx_word' id='word_1_27' title='bbox 974 837 1012 885; x_wconf 91' lang='lat' dir='ltr'>ne</span> <span class='ocrx_word' id='word_1_28' title='bbox 1031 820 1140 886; x_wconf 84' lang='lat' dir='ltr'>nolens</span> <span class='ocrx_word' id='word_1_29' title='bbox 1159 821 1317 896; x_wconf 79' lang='lat' dir='ltr'>trahatur3</span> <span class='ocrx_word' id='word_1_30' title='bbox 1342 839 1422 905; x_wconf 90' lang='lat' dir='ltr'>quo-</span> 
     </span>
     <span class='ocr_line' id='line_1_5' title="bbox 269 929 503 994; baseline -0.013 0"><span class='ocrx_word' id='word_1_31' title='bbox 269 929 354 994; x_wconf 91' lang='lat' dir='ltr'>niam</span> <span class='ocrx_word' id='word_1_32' title='bbox 378 929 503 994; x_wconf 89' lang='lat' dir='ltr'>scilicet</span> 
     </span>
    </p>
   </div>
   <div class='ocr_carea' id='block_1_3' title="bbox 448 1055 1461 1130">
    <p class='ocr_par' dir='ltr' id='par_1_3' title="bbox 448 1055 1461 1130">
     <span class='ocr_line' id='line_1_6' title="bbox 448 1055 1461 1130; baseline -0.002 -16"><span class='ocrx_word' id='word_1_33' title='bbox 448 1057 569 1114; x_wconf 89' lang='lat' dir='ltr'>Ducunt</span> <span class='ocrx_word' id='word_1_34' title='bbox 590 1055 737 1114; x_wconf 87' lang='lat' dir='ltr'>uolantem</span> <span class='ocrx_word' id='word_1_35' title='bbox 761 1055 832 1130; x_wconf 84' lang='lat' dir='ltr'>iata,</span> <span class='ocrx_word' id='word_1_36' title='bbox 856 1055 1004 1114; x_wconf 79' lang='lat' dir='ltr'>nolentem</span> <span class='ocrx_word' id='word_1_37' title='bbox 1027 1055 1157 1114; x_wconf 89' lang='lat' dir='ltr'>trahunt.</span> <span class='ocrx_word' id='word_1_38' title='bbox 1449 1073 1461 1112; x_wconf 85' lang='lat' dir='ltr'>s</span> 
     </span>
    </p>
   </div>
   <div class='ocr_carea' id='block_1_4' title="bbox 267 1173 1459 2430">
    <p class='ocr_par' dir='ltr' id='par_1_4' title="bbox 268 1173 1420 1351">
     <span class='ocr_line' id='line_1_7' title="bbox 268 1173 1420 1260; baseline -0.003 -16"><span class='ocrx_word' id='word_1_39' title='bbox 268 1179 320 1244; x_wconf 89' lang='lat' dir='ltr'>Illi</span> <span class='ocrx_word' id='word_1_40' title='bbox 341 1195 465 1260; x_wconf 88' lang='lat' dir='ltr'>quoque</span> <span class='ocrx_word' id='word_1_41' title='bbox 484 1195 598 1240; x_wconf 85' lang='lat' dir='ltr'>uersus</span> <span class='ocrx_word' id='word_1_42' title='bbox 617 1175 778 1240; x_wconf 87' lang='lat' dir='ltr'>Homerici</span> <span class='ocrx_word' id='word_1_43' title='bbox 797 1173 873 1240; x_wconf 89' lang='lat' dir='ltr'>hnic</span> <span class='ocrx_word' id='word_1_44' title='bbox 896 1175 1069 1240; x_wconf 87' lang='lat' dir='ltr'>sentcntiae</span> <span class='ocrx_word' id='word_1_45' title='bbox 1094 1175 1317 1260; x_wconf 82' lang='lat' dir='ltr'>suffragantur,</span> <span class='ocrx_word' id='word_1_46' title='bbox 1339 1194 1420 1258; x_wconf 85' lang='lat' dir='ltr'>quos</span> 
     </span>
     <span class='ocr_line' id='line_1_8' title="bbox 270 1280 741 1351; baseline -0.015 0"><span class='ocrx_word' id='word_1_47' title='bbox 270 1284 379 1351; x_wconf 81' lang='lat' dir='ltr'>Cicero</span> <span class='ocrx_word' id='word_1_48' title='bbox 402 1283 435 1348; x_wconf 92' lang='lat' dir='ltr'>in</span> <span class='ocrx_word' id='word_1_49' title='bbox 459 1280 606 1347; x_wconf 88' lang='lat' dir='ltr'>Latinum</span> <span class='ocrx_word' id='word_1_50' title='bbox 630 1281 741 1346; x_wconf 87' lang='lat' dir='ltr'>uertit:</span> 
     </span>
    </p>

    <p class='ocr_par' dir='ltr' id='par_1_5' title="bbox 449 1408 1238 1484">
     <span class='ocr_line' id='line_1_9' title="bbox 449 1408 1238 1484; baseline -0.003 -14"><span class='ocrx_word' id='word_1_51' title='bbox 449 1411 533 1470; x_wconf 73' lang='lat' dir='ltr'>Tales</span> <span class='ocrx_word' id='word_1_52' title='bbox 558 1413 626 1469; x_wconf 86' lang='lat' dir='ltr'>aunt</span> <span class='ocrx_word' id='word_1_53' title='bbox 648 1409 798 1468; x_wconf 93' lang='lat' dir='ltr'>hominum</span> <span class='ocrx_word' id='word_1_54' title='bbox 822 1411 943 1479; x_wconf 75' lang='lat' dir='ltr'>menter,</span> <span class='ocrx_word' id='word_1_55' title='bbox 968 1409 1049 1483; x_wconf 89' lang='lat' dir='ltr'>quali</span> <span class='ocrx_word' id='word_1_56' title='bbox 1070 1411 1154 1484; x_wconf 89' lang='lat' dir='ltr'>pater</span> <span class='ocrx_word' id='word_1_57' title='bbox 1175 1408 1238 1483; x_wconf 89' lang='lat' dir='ltr'>ipsc</span> 
     </span>
    </p>

    <p class='ocr_par' dir='ltr' id='par_1_6' title="bbox 267 1498 1459 2430">
     <span class='ocr_line' id='line_1_10' title="bbox 445 1498 1173 1575; baseline -0.001 -16"><span class='ocrx_word' id='word_1_58' title='bbox 445 1499 578 1575; x_wconf 86' lang='lat' dir='ltr'>Iuppiter</span> <span class='ocrx_word' id='word_1_59' title='bbox 601 1499 756 1558; x_wconf 73' lang='lat' dir='ltr'><strong>auctiferas</strong></span> <span class='ocrx_word' id='word_1_60' title='bbox 779 1499 916 1557; x_wconf 86' lang='lat' dir='ltr'>lustrauit</span> <span class='ocrx_word' id='word_1_61' title='bbox 938 1498 1047 1557; x_wconf 88' lang='lat' dir='ltr'>lumino</span> <span class='ocrx_word' id='word_1_62' title='bbox 1070 1502 1173 1558; x_wconf 84' lang='lat' dir='ltr'>terras.</span> 
     </span>
     <span class='ocr_line' id='line_1_11' title="bbox 268 1617 1459 1702; baseline -0.003 -16"><span class='ocrx_word' id='word_1_63' title='bbox 268 1621 335 1686; x_wconf 90' lang='lat' dir='ltr'>Nec</span> <span class='ocrx_word' id='word_1_64' title='bbox 357 1621 389 1685; x_wconf 91' lang='lat' dir='ltr'>in</span> <span class='ocrx_word' id='word_1_65' title='bbox 413 1621 472 1684; x_wconf 87' lang='lat' dir='ltr'>hac</span> <span class='ocrx_word' id='word_1_66' title='bbox 493 1620 677 1702; x_wconf 81' lang='lat' dir='ltr'>quaestione</span> <span class='ocrx_word' id='word_1_67' title='bbox 703 1620 926 1683; x_wconf 87' lang='lat' dir='ltr'>auctoritatem</span> <span class='ocrx_word' id='word_1_68' title='bbox 949 1617 1079 1682; x_wconf 86' lang='lat' dir='ltr'>haberet</span> <span class='ocrx_word' id='word_1_69' title='bbox 1096 1617 1222 1701; x_wconf 88' lang='lat' dir='ltr'>poetica</span> <span class='ocrx_word' id='word_1_70' title='bbox 1246 1619 1416 1694; x_wconf 86' lang='lat' dir='ltr'>sententia;</span> <span class='ocrx_word' id='word_1_71' title='bbox 1436 1643 1459 1682; x_wconf 80' lang='lat' dir='ltr'>a</span> 
     </span>
     <span class='ocr_line' id='line_1_12' title="bbox 269 1723 1417 1810; baseline -0.004 -17"><span class='ocrx_word' id='word_1_72' title='bbox 269 1727 326 1793; x_wconf 89' lang='lat' dir='ltr'>scd</span> <span class='ocrx_word' id='word_1_73' title='bbox 346 1727 494 1810; x_wconf 90' lang='lat' dir='ltr'>quoniam</span> <span class='ocrx_word' id='word_1_74' title='bbox 518 1726 643 1792; x_wconf 83' lang='lat' dir='ltr'>Stoicos</span> <span class='ocrx_word' id='word_1_75' title='bbox 664 1725 742 1790; x_wconf 88' lang='lat' dir='ltr'>dicit</span> <span class='ocrx_word' id='word_1_76' title='bbox 760 1724 826 1788; x_wconf 92' lang='lat' dir='ltr'>uim</span> <span class='ocrx_word' id='word_1_77' title='bbox 845 1723 903 1789; x_wconf 81' lang='lat' dir='ltr'>fati</span> <span class='ocrx_word' id='word_1_78' title='bbox 921 1723 1103 1789; x_wconf 77' lang='lat' dir='ltr'>adserentes</span> <span class='ocrx_word' id='word_1_79' title='bbox 1122 1725 1203 1789; x_wconf 84' lang='lat' dir='ltr'>istos</span> <span class='ocrx_word' id='word_1_80' title='bbox 1222 1743 1259 1788; x_wconf 90' lang='lat' dir='ltr'>er</span> <span class='ocrx_word' id='word_1_81' title='bbox 1277 1725 1417 1789; x_wconf 84' lang='lat' dir='ltr'>Homero</span> 
     </span>
     <span class='ocr_line' id='line_1_13' title="bbox 268 1830 1418 1915; baseline -0.003 -17"><span class='ocrx_word' id='word_1_82' title='bbox 268 1848 382 1898; x_wconf 88' lang='lat' dir='ltr'>uersus</span> <span class='ocrx_word' id='word_1_83' title='bbox 407 1834 508 1898; x_wconf 88' lang='lat' dir='ltr'>solere</span> <span class='ocrx_word' id='word_1_84' title='bbox 532 1851 694 1915; x_wconf 84' lang='lat' dir='ltr'>usurpare,</span> <span class='ocrx_word' id='word_1_85' title='bbox 725 1851 786 1896; x_wconf 90' lang='lat' dir='ltr'>non</span> <span class='ocrx_word' id='word_1_86' title='bbox 810 1831 848 1896; x_wconf 92' lang='lat' dir='ltr'>de</span> <span class='ocrx_word' id='word_1_87' title='bbox 871 1830 959 1895; x_wconf 89' lang='lat' dir='ltr'>illius</span> <span class='ocrx_word' id='word_1_88' title='bbox 983 1835 1105 1915; x_wconf 88' lang='lat' dir='ltr'>poetae,</span> <span class='ocrx_word' id='word_1_89' title='bbox 1139 1830 1257 1898; x_wconf 83' lang='lat' dir='ltr'>sedda</span> <span class='ocrx_word' id='word_1_90' title='bbox 1281 1831 1418 1896; x_wconf 88' lang='lat' dir='ltr'>istorum</span> 
     </span>
     <span class='ocr_line' id='line_1_14' title="bbox 267 1938 1417 2022; baseline -0.003 -17"><span class='ocrx_word' id='word_1_91' title='bbox 267 1940 530 2022; x_wconf 89' lang='lat' dir='ltr'>philosophorum</span> <span class='ocrx_word' id='word_1_92' title='bbox 555 1939 701 2021; x_wconf 84' lang='lat' dir='ltr'>opinione</span> <span class='ocrx_word' id='word_1_93' title='bbox 724 1941 889 2012; x_wconf 78' lang='lat' dir='ltr'>tractatur,</span> <span class='ocrx_word' id='word_1_94' title='bbox 914 1956 987 2002; x_wconf 90' lang='lat' dir='ltr'>curn</span> <span class='ocrx_word' id='word_1_95' title='bbox 1010 1956 1067 2019; x_wconf 88' lang='lat' dir='ltr'>per</span> <span class='ocrx_word' id='word_1_96' title='bbox 1088 1938 1169 2002; x_wconf 88' lang='lat' dir='ltr'>istos</span> <span class='ocrx_word' id='word_1_97' title='bbox 1193 1957 1317 2015; x_wconf 82' lang='lat' dir='ltr'>uersus,</span> <span class='ocrx_word' id='word_1_98' title='bbox 1338 1957 1417 2019; x_wconf 90' lang='lat' dir='ltr'>quos</span> 
     </span>
     <span class='ocr_line' id='line_1_15' title="bbox 268 2043 1417 2129; baseline -0.002 -19"><span class='ocrx_word' id='word_1_99' title='bbox 268 2046 475 2129; x_wconf 81' lang='lat' dir='ltr'>disputationi</span> <span class='ocrx_word' id='word_1_100' title='bbox 498 2045 649 2111; x_wconf 87' lang='lat' dir='ltr'>adhibent</span> <span class='ocrx_word' id='word_1_101' title='bbox 668 2064 762 2127; x_wconf 91' lang='lat' dir='ltr'>quam</span> <span class='ocrx_word' id='word_1_102' title='bbox 787 2043 825 2109; x_wconf 88' lang='lat' dir='ltr'>de</span> <span class='ocrx_word' id='word_1_103' title='bbox 848 2045 914 2110; x_wconf 81' lang='lat' dir='ltr'>fato</span> <span class='ocrx_word' id='word_1_104' title='bbox 938 2044 1064 2123; x_wconf 87' lang='lat' dir='ltr'>habent,</span> <span class='ocrx_word' id='word_1_105' title='bbox 1089 2045 1165 2126; x_wconf 89' lang='lat' dir='ltr'>quid</span> <span class='ocrx_word' id='word_1_106' title='bbox 1188 2045 1327 2110; x_wconf 84' lang='lat' dir='ltr'>sentiant</span> <span class='ocrx_word' id='word_1_107' title='bbox 1346 2062 1417 2109; x_wconf 84' lang='lat' dir='ltr'>essa</span> 
     </span>
     <span class='ocr_line' id='line_1_16' title="bbox 267 2151 1456 2238; baseline -0.004 -21"><span class='ocrx_word' id='word_1_108' title='bbox 267 2153 367 2217; x_wconf 82' lang='lat' dir='ltr'>fatum</span> <span class='ocrx_word' id='word_1_109' title='bbox 389 2153 586 2238; x_wconf 87' lang='lat' dir='ltr'>apertissime</span> <span class='ocrx_word' id='word_1_110' title='bbox 606 2151 793 2229; x_wconf 86' lang='lat' dir='ltr'>declaratur,</span> <span class='ocrx_word' id='word_1_111' title='bbox 818 2151 967 2234; x_wconf 87' lang='lat' dir='ltr'>qnoniam</span> <span class='ocrx_word' id='word_1_112' title='bbox 989 2152 1101 2216; x_wconf 84' lang='lat' dir='ltr'>Iouam</span> <span class='ocrx_word' id='word_1_113' title='bbox 1125 2152 1296 2234; x_wconf 83' lang='lat' dir='ltr'>appellant,</span> <span class='ocrx_word' id='word_1_114' title='bbox 1321 2171 1415 2234; x_wconf 90' lang='lat' dir='ltr'>quem</span> <span class='ocrx_word' id='word_1_115' title='bbox 1433 2169 1456 2212; x_wconf 78' lang='lat' dir='ltr'>a</span> 
     </span>
     <span class='ocr_line' id='line_1_17' title="bbox 269 2257 1416 2341; baseline -0.001 -18"><span class='ocrx_word' id='word_1_116' title='bbox 269 2278 431 2324; x_wconf 85' lang='lat' dir='ltr'>summum</span> <span class='ocrx_word' id='word_1_117' title='bbox 468 2259 563 2324; x_wconf 91' lang='lat' dir='ltr'>deum</span> <span class='ocrx_word' id='word_1_118' title='bbox 599 2261 723 2341; x_wconf 79' lang='lat' dir='ltr'>putant,</span> <span class='ocrx_word' id='word_1_119' title='bbox 753 2277 855 2340; x_wconf 91' lang='lat' dir='ltr'>aquo</span> <span class='ocrx_word' id='word_1_120' title='bbox 894 2257 1095 2322; x_wconf 84' lang='lat' dir='ltr'>conexionem</span> <span class='ocrx_word' id='word_1_121' title='bbox 1133 2257 1244 2322; x_wconf 91' lang='lat' dir='ltr'>dicunt</span> <span class='ocrx_word' id='word_1_122' title='bbox 1279 2259 1416 2340; x_wconf 84' lang='lat' dir='ltr'>pendere</span> 
     </span>
     <span class='ocr_line' id='line_1_18' title="bbox 267 2365 415 2430; baseline -0.007 0"><span class='ocrx_word' id='word_1_123' title='bbox 267 2365 415 2430; x_wconf 88' lang='lat' dir='ltr'>fatomm.</span> 
     </span>
    </p>
   </div>
   <div class='ocr_carea' id='block_1_5' title="bbox 709 2519 972 2587">
    <p class='ocr_par' dir='ltr' id='par_1_7' title="bbox 709 2519 972 2587">
     <span class='ocr_line' id='line_1_19' title="bbox 709 2519 972 2587; baseline 0 -1"><span class='ocrx_word' id='word_1_124' title='bbox 709 2519 846 2587; x_wconf 82' lang='lat' dir='ltr'><strong>CAPUT</strong></span> <span class='ocrx_word' id='word_1_125' title='bbox 869 2519 972 2586; x_wconf 82' lang='lat' dir='ltr'><strong>VIIII.</strong></span> 
     </span>
    </p>
   </div>
   <div class='ocr_carea' id='block_1_6' title="bbox 268 2650 1456 2836">
    <p class='ocr_par' dir='ltr' id='par_1_8' title="bbox 268 2650 1456 2836">
     <span class='ocr_line' id='line_1_20' title="bbox 268 2650 1414 2748; baseline -0.003 -18"><span class='ocrx_word' id='word_1_126' title='bbox 268 2665 320 2730; x_wconf 91' lang='lat' dir='ltr'>De</span> <span class='ocrx_word' id='word_1_127' title='bbox 349 2650 628 2748; x_wconf 83' lang='lat' dir='ltr'>praescientia</span> <span class='ocrx_word' id='word_1_128' title='bbox 650 2665 723 2728; x_wconf 86' lang='lat' dir='ltr'>Dei</span> <span class='ocrx_word' id='word_1_129' title='bbox 756 2667 794 2728; x_wconf 90' lang='lat' dir='ltr'>et</span> <span class='ocrx_word' id='word_1_130' title='bbox 825 2663 958 2728; x_wconf 87' lang='lat' dir='ltr'>libera</span> <span class='ocrx_word' id='word_1_131' title='bbox 984 2663 1162 2728; x_wconf 90' lang='lat' dir='ltr'>hominis</span> <span class='ocrx_word' id='word_1_132' title='bbox 1195 2663 1414 2727; x_wconf 87' lang='lat' dir='ltr'>uoluntate</span> 
     </span>
     <span class='ocr_line' id='line_1_21' title="bbox 492 2770 1456 2836; baseline -0.001 0"><span class='ocrx_word' id='word_1_133' title='bbox 492 2775 634 2836; x_wconf 88' lang='lat' dir='ltr'>contra</span> <span class='ocrx_word' id='word_1_134' title='bbox 659 2770 870 2836; x_wconf 78' lang='lat' dir='ltr'>Ciceronis</span> <span class='ocrx_word' id='word_1_135' title='bbox 895 2770 1192 2836; x_wconf 83' lang='lat' dir='ltr'>definitionem.</span> <span class='ocrx_word' id='word_1_136' title='bbox 1432 2795 1456 2835; x_wconf 83' lang='lat' dir='ltr'>a</span> 
     </span>
    </p>
   </div>
   <div class='ocr_carea' id='block_1_7' title="bbox 267 2909 1455 3638">
    <p class='ocr_par' dir='ltr' id='par_1_9' title="bbox 267 2909 1455 3638">
     <span class='ocr_line' id='line_1_22' title="bbox 269 2909 1416 2996; baseline -0.003 -18"><span class='ocrx_word' id='word_1_137' title='bbox 269 2937 271 2943; x_wconf 94' lang='lat'>·</span> <span class='ocrx_word' id='word_1_138' title='bbox 312 2913 379 2980; x_wconf 83' lang='lat' dir='ltr'>Hos</span> <span class='ocrx_word' id='word_1_139' title='bbox 404 2913 513 2980; x_wconf 83' lang='lat' dir='ltr'>Cicero</span> <span class='ocrx_word' id='word_1_140' title='bbox 536 2913 583 2978; x_wconf 91' lang='lat' dir='ltr'>ita</span> <span class='ocrx_word' id='word_1_141' title='bbox 605 2912 793 2996; x_wconf 86' lang='lat' dir='ltr'>redarguere</span> <span class='ocrx_word' id='word_1_142' title='bbox 821 2912 943 2990; x_wconf 85' lang='lat' dir='ltr'>nititur,</span> <span class='ocrx_word' id='word_1_143' title='bbox 966 2914 1005 2977; x_wconf 90' lang='lat' dir='ltr'>ut</span> <span class='ocrx_word' id='word_1_144' title='bbox 1026 2931 1087 2976; x_wconf 91' lang='lat' dir='ltr'>non</span> <span class='ocrx_word' id='word_1_145' title='bbox 1112 2911 1272 2976; x_wconf 85' lang='lat' dir='ltr'>existimet</span> <span class='ocrx_word' id='word_1_146' title='bbox 1295 2909 1416 2992; x_wconf 87' lang='lat' dir='ltr'>aliquid</span> 
     </span>
     <span class='ocr_line' id='line_1_23' title="bbox 268 3015 1415 3097; baseline -0.004 -11"><span class='ocrx_word' id='word_1_147' title='bbox 268 3039 301 3086; x_wconf 91' lang='lat' dir='ltr'>sc</span> <span class='ocrx_word' id='word_1_148' title='bbox 326 3021 479 3086; x_wconf 88' lang='lat' dir='ltr'>aduersus</span> <span class='ocrx_word' id='word_1_149' title='bbox 504 3039 557 3085; x_wconf 85' lang='lat' dir='ltr'>eos</span> <span class='ocrx_word' id='word_1_150' title='bbox 588 3020 705 3097; x_wconf 80' lang='lat' dir='ltr'>ualere,</span> <span class='ocrx_word' id='word_1_151' title='bbox 738 3019 801 3084; x_wconf 89' lang='lat' dir='ltr'>nisi</span> <span class='ocrx_word' id='word_1_152' title='bbox 829 3019 952 3084; x_wconf 85' lang='lat' dir='ltr'>auferat</span> <span class='ocrx_word' id='word_1_153' title='bbox 975 3018 1211 3084; x_wconf 86' lang='lat' dir='ltr'>diuinationem.</span> <span class='ocrx_word' id='word_1_154' title='bbox 1241 3015 1343 3095; x_wconf 82' lang='lat' dir='ltr'>Quam</span> <span class='ocrx_word' id='word_1_155' title='bbox 1368 3017 1415 3082; x_wconf 86' lang='lat' dir='ltr'>sic</span> 
     </span>
     <span class='ocr_line' id='line_1_24' title="bbox 268 3124 1414 3210; baseline -0.003 -18"><span class='ocrx_word' id='word_1_156' title='bbox 268 3131 398 3192; x_wconf 87' lang='lat' dir='ltr'>conatur</span> <span class='ocrx_word' id='word_1_157' title='bbox 421 3126 552 3203; x_wconf 80' lang='lat' dir='ltr'>auferre,</span> <span class='ocrx_word' id='word_1_158' title='bbox 586 3130 623 3190; x_wconf 90' lang='lat' dir='ltr'>ut</span> <span class='ocrx_word' id='word_1_159' title='bbox 645 3128 740 3210; x_wconf 87' lang='lat' dir='ltr'>neget</span> <span class='ocrx_word' id='word_1_160' title='bbox 768 3145 837 3190; x_wconf 87' lang='lat' dir='ltr'>esse</span> <span class='ocrx_word' id='word_1_161' title='bbox 865 3125 1030 3191; x_wconf 88' lang='lat' dir='ltr'>scientiam</span> <span class='ocrx_word' id='word_1_162' title='bbox 1059 3124 1247 3203; x_wconf 79' lang='lat' dir='ltr'>futurorum,</span> <span class='ocrx_word' id='word_1_163' title='bbox 1281 3143 1414 3206; x_wconf 89' lang='lat' dir='ltr'>eamque</span> 
     </span>
     <span class='ocr_line' id='line_1_25' title="bbox 268 3231 1414 3309; baseline -0.003 -12"><span class='ocrx_word' id='word_1_164' title='bbox 268 3232 414 3298; x_wconf 89' lang='lat' dir='ltr'>omnibns</span> <span class='ocrx_word' id='word_1_165' title='bbox 434 3233 556 3298; x_wconf 88' lang='lat' dir='ltr'>uiribus</span> <span class='ocrx_word' id='word_1_166' title='bbox 576 3231 694 3297; x_wconf 88' lang='lat' dir='ltr'>nullam</span> <span class='ocrx_word' id='word_1_167' title='bbox 719 3251 790 3297; x_wconf 88' lang='lat' dir='ltr'>esse</span> <span class='ocrx_word' id='word_1_168' title='bbox 815 3233 942 3297; x_wconf 92' lang='lat' dir='ltr'>omnino</span> <span class='ocrx_word' id='word_1_169' title='bbox 962 3232 1140 3309; x_wconf 85' lang='lat' dir='ltr'>contendat,</span> <span class='ocrx_word' id='word_1_170' title='bbox 1164 3232 1217 3296; x_wconf 86' lang='lat' dir='ltr'>uel</span> <span class='ocrx_word' id='word_1_171' title='bbox 1236 3231 1267 3296; x_wconf 90' lang='lat' dir='ltr'>iu</span> <span class='ocrx_word' id='word_1_172' title='bbox 1286 3231 1414 3296; x_wconf 90' lang='lat' dir='ltr'>homine</span> 
     </span>
     <span class='ocr_line' id='line_1_26' title="bbox 268 3323 1455 3422; baseline -0.003 -19"><span class='ocrx_word' id='word_1_173' title='bbox 268 3339 320 3403; x_wconf 87' lang='lat' dir='ltr'>uel</span> <span class='ocrx_word' id='word_1_174' title='bbox 341 3339 373 3401; x_wconf 91' lang='lat' dir='ltr'>in</span> <span class='ocrx_word' id='word_1_175' title='bbox 395 3338 463 3414; x_wconf 87' lang='lat' dir='ltr'>deo,</span> <span class='ocrx_word' id='word_1_176' title='bbox 488 3339 671 3422; x_wconf 90' lang='lat' dir='ltr'>nullamque</span> <span class='ocrx_word' id='word_1_177' title='bbox 691 3359 795 3403; x_wconf 87' lang='lat' dir='ltr'>rerum</span> <span class='ocrx_word' id='word_1_178' title='bbox 815 3338 1070 3421; x_wconf 87' lang='lat' dir='ltr'>praedictionem.</span> <span class='ocrx_word' id='word_1_179' title='bbox 1094 3339 1143 3402; x_wconf 90' lang='lat' dir='ltr'>Ita</span> <span class='ocrx_word' id='word_1_180' title='bbox 1158 3341 1190 3402; x_wconf 88' lang='lat' dir='ltr'>et</span> <span class='ocrx_word' id='word_1_181' title='bbox 1203 3337 1262 3401; x_wconf 90' lang='lat' dir='ltr'>Dei</span> <span class='ocrx_word' id='word_1_182' title='bbox 1278 3323 1413 3421; x_wconf 78' lang='lat' dir='ltr'>praesci-</span> <span class='ocrx_word' id='word_1_183' title='bbox 1431 3353 1455 3394; x_wconf 59' lang='grc' dir='ltr'>πε</span> 
     </span>
     <span class='ocr_line' id='line_1_27' title="bbox 268 3443 1415 3530; baseline -0.004 -20"><span class='ocrx_word' id='word_1_184' title='bbox 268 3444 385 3510; x_wconf 88' lang='lat' dir='ltr'>entiam</span> <span class='ocrx_word' id='word_1_185' title='bbox 417 3449 512 3530; x_wconf 86' lang='lat' dir='ltr'>nogat</span> <span class='ocrx_word' id='word_1_186' title='bbox 543 3449 575 3510; x_wconf 91' lang='lat' dir='ltr'>et</span> <span class='ocrx_word' id='word_1_187' title='bbox 608 3465 732 3510; x_wconf 91' lang='lat' dir='ltr'>omnem</span> <span class='ocrx_word' id='word_1_188' title='bbox 764 3445 962 3528; x_wconf 87' lang='lat' dir='ltr'>prophetiam</span> <span class='ocrx_word' id='word_1_189' title='bbox 989 3444 1061 3509; x_wconf 89' lang='lat' dir='ltr'>luce</span> <span class='ocrx_word' id='word_1_190' title='bbox 1090 3443 1252 3509; x_wconf 86' lang='lat' dir='ltr'>clariorem</span> <span class='ocrx_word' id='word_1_191' title='bbox 1282 3445 1415 3508; x_wconf 89' lang='lat' dir='ltr'>conatur</span> 
     </span>
     <span class='ocr_line' id='line_1_28' title="bbox 267 3549 1413 3638; baseline -0.002 -22"><span class='ocrx_word' id='word_1_192' title='bbox 267 3553 408 3616; x_wconf 89' lang='lat' dir='ltr'>euertere</span> <span class='ocrx_word' id='word_1_193' title='bbox 432 3553 524 3616; x_wconf 89' lang='lat' dir='ltr'>uanis</span> <span class='ocrx_word' id='word_1_194' title='bbox 549 3552 874 3638; x_wconf 84' lang='lat' dir='ltr'>argumentationibus</span> <span class='ocrx_word' id='word_1_195' title='bbox 903 3556 936 3616; x_wconf 91' lang='lat' dir='ltr'>et</span> <span class='ocrx_word' id='word_1_196' title='bbox 964 3551 1147 3636; x_wconf 91' lang='lat' dir='ltr'>obponendo</span> <span class='ocrx_word' id='word_1_197' title='bbox 1172 3549 1234 3614; x_wconf 89' lang='lat' dir='ltr'>sibi</span> <span class='ocrx_word' id='word_1_198' title='bbox 1258 3550 1413 3632; x_wconf 88' lang='lat' dir='ltr'>quaedam</span> 
     </span>
    </p>
   </div>
   <div class='ocr_carea' id='block_1_8' title="bbox 340 3776 1138 3864">
    <p class='ocr_par' dir='ltr' id='par_1_10' title="bbox 340 3776 1138 3864">
     <span class='ocr_line' id='line_1_29' title="bbox 340 3776 1138 3864; baseline -0.001 -16"><span class='ocrx_word' id='word_1_199' title='bbox 340 3776 374 3848; x_wconf 80' lang='lat' dir='ltr'>&#39;o</span> <span class='ocrx_word' id='word_1_200' title='bbox 395 3793 445 3848; x_wconf 83' lang='lat' dir='ltr'>oa.</span> <span class='ocrx_word' id='word_1_201' title='bbox 465 3793 565 3858; x_wconf 79' lang='lat' dir='ltr'>xum,</span> <span class='ocrx_word' id='word_1_202' title='bbox 587 3795 637 3849; x_wconf 84' lang='lat' dir='ltr'>rao</span> <span class='ocrx_word' id='word_1_203' title='bbox 656 3811 695 3864; x_wconf 80' lang='lat' dir='ltr'>sq.</span> <span class='ocrx_word' id='word_1_204' title='bbox 751 3797 766 3849; x_wconf 84' lang='lat' dir='ltr'>r</span> <span class='ocrx_word' id='word_1_205' title='bbox 786 3793 889 3849; x_wconf 68' lang='lat' dir='ltr'>naara</span> <span class='ocrx_word' id='word_1_206' title='bbox 944 3795 977 3848; x_wconf 83' lang='lat'>21</span> <span class='ocrx_word' id='word_1_207' title='bbox 997 3793 1090 3847; x_wconf 75' lang='lat' dir='ltr'>ornan.</span> <span class='ocrx_word' id='word_1_208' title='bbox 1109 3793 1138 3847; x_wconf 92' lang='lat'>11</span> 
     </span>
    </p>
   </div>
   <div class='ocr_carea' id='block_1_9' title="bbox 303 3923 1411 4005">
    <p class='ocr_par' dir='ltr' id='par_1_11' title="bbox 303 3923 1411 4005">
     <span class='ocr_line' id='line_1_30' title="bbox 303 3923 1411 4005; baseline -0.002 -17"><span class='ocrx_word' id='word_1_209' title='bbox 303 3936 318 3988; x_wconf 85' lang='lat'>2</span> <span class='ocrx_word' id='word_1_210' title='bbox 339 3935 430 4004; x_wconf 88' lang='lat' dir='ltr'>quam]</span> <span class='ocrx_word' id='word_1_211' title='bbox 452 3923 512 3988; x_wconf 84' lang='lat' dir='ltr'>cum</span> <span class='ocrx_word' id='word_1_212' title='bbox 531 3953 562 4002; x_wconf 85' lang='grc' dir='ltr'>α;</span> <span class='ocrx_word' id='word_1_213' title='bbox 581 3951 650 4005; x_wconf 86' lang='lat' dir='ltr'>quae</span> <span class='ocrx_word' id='word_1_214' title='bbox 670 3935 784 4004; x_wconf 65' lang='lat' dir='ltr'>tondi,</span> <span class='ocrx_word' id='word_1_215' title='bbox 803 3935 835 3988; x_wconf 82' lang='lat' dir='ltr'>ia</span> <span class='ocrx_word' id='word_1_216' title='bbox 853 3936 1009 4004; x_wconf 78' lang='lat' dir='ltr'>marpinee</span> <span class='ocrx_word' id='word_1_217' title='bbox 1080 3953 1109 3990; x_wconf 89' lang='lat' dir='ltr'>se</span> <span class='ocrx_word' id='word_1_218' title='bbox 1130 3938 1254 4005; x_wconf 87' lang='lat' dir='ltr'>paratum</span> <span class='ocrx_word' id='word_1_219' title='bbox 1273 3949 1289 3988; x_wconf 82' lang='lat' dir='ltr'>r·</span> <span class='ocrx_word' id='word_1_220' title='bbox 1343 3935 1411 3989; x_wconf 70' lang='lat' dir='ltr'>Bne</span> 
     </span>
    </p>
   </div>
   <div class='ocr_carea' id='block_1_10' title="bbox 265 4017 1412 4208">
    <p class='ocr_par' dir='ltr' id='par_1_12' title="bbox 265 4017 1412 4208">
     <span class='ocr_line' id='line_1_31' title="bbox 265 4017 1412 4120; baseline -0.001 -16"><span class='ocrx_word' id='word_1_221' title='bbox 265 4066 325 4119; x_wconf 83' lang='lat' dir='ltr'>aup.</span> <span class='ocrx_word' id='word_1_222' title='bbox 347 4049 395 4104; x_wconf 81' lang='lat' dir='ltr'>lin.</span> <span class='ocrx_word' id='word_1_223' title='bbox 416 4050 442 4103; x_wconf 90' lang='lat' dir='ltr'><strong><em>L</em></strong></span> <span class='ocrx_word' id='word_1_224' title='bbox 496 4017 710 4120; x_wconf 66' lang='lat' dir='ltr'>Gendagantur,</span> <span class='ocrx_word' id='word_1_225' title='bbox 729 4067 760 4104; x_wconf 82' lang='lat' dir='ltr'>au</span> <span class='ocrx_word' id='word_1_226' title='bbox 778 4067 812 4104; x_wconf 84' lang='lat' dir='ltr'>m.</span> <span class='ocrx_word' id='word_1_227' title='bbox 832 4055 852 4105; x_wconf 82' lang='lat'><em>2</em></span> <span class='ocrx_word' id='word_1_228' title='bbox 869 4052 900 4104; x_wconf 80' lang='lat' dir='ltr'>io</span> <span class='ocrx_word' id='word_1_229' title='bbox 918 4051 1031 4120; x_wconf 85' lang='lat' dir='ltr'>ras.,C</span> <span class='ocrx_word' id='word_1_230' title='bbox 1082 4050 1173 4106; x_wconf 78' lang='lat' dir='ltr'>Stale</span> <span class='ocrx_word' id='word_1_231' title='bbox 1195 4049 1228 4105; x_wconf 83' lang='lat'>0¹</span> <span class='ocrx_word' id='word_1_232' title='bbox 1284 4039 1412 4120; x_wconf 58' lang='lat' dir='ltr'>qualum</span> 
     </span>
     <span class='ocr_line' id='line_1_32' title="bbox 267 4137 1411 4208; baseline 0 -18"><span class='ocrx_word' id='word_1_233' title='bbox 267 4138 398 4206; x_wconf 79' lang='lat' dir='ltr'>qualern</span> <span class='ocrx_word' id='word_1_234' title='bbox 462 4139 569 4193; x_wconf 84' lang='lat' dir='ltr'>9terra</span> <span class='ocrx_word' id='word_1_235' title='bbox 591 4139 623 4192; x_wconf 76' lang='lat'>0¹</span> <span class='ocrx_word' id='word_1_236' title='bbox 688 4139 718 4194; x_wconf 91' lang='lat'>11</span> <span class='ocrx_word' id='word_1_237' title='bbox 740 4139 834 4193; x_wconf 85' lang='lat' dir='ltr'>istiae</span> <span class='ocrx_word' id='word_1_238' title='bbox 889 4141 922 4192; x_wconf 82' lang='lat'>12</span> <span class='ocrx_word' id='word_1_239' title='bbox 940 4139 1028 4194; x_wconf 78' lang='lat' dir='ltr'>illiso</span> <span class='ocrx_word' id='word_1_240' title='bbox 1083 4141 1116 4194; x_wconf 85' lang='lat'>13</span> <span class='ocrx_word' id='word_1_241' title='bbox 1135 4138 1207 4208; x_wconf 87' lang='lat' dir='ltr'>quod</span> <span class='ocrx_word' id='word_1_242' title='bbox 1226 4137 1259 4191; x_wconf 78' lang='grc' dir='ltr'>Λ1</span> <span class='ocrx_word' id='word_1_243' title='bbox 1319 4140 1351 4192; x_wconf 76' lang='lat'>14</span> <span class='ocrx_word' id='word_1_244' title='bbox 1370 4143 1411 4191; x_wconf 80' lang='lat' dir='ltr'>at·</span> 
     </span>
    </p>
   </div>
   <div class='ocr_carea' id='block_1_11' title="bbox 265 4225 1410 4368">
    <p class='ocr_par' dir='ltr' id='par_1_13' title="bbox 265 4225 1410 4368">
     <span class='ocr_line' id='line_1_33' title="bbox 265 4225 1410 4296; baseline 0 -18"><span class='ocrx_word' id='word_1_245' title='bbox 265 4225 439 4279; x_wconf 85' lang='lat' dir='ltr'>hibentLA</span> <span class='ocrx_word' id='word_1_246' title='bbox 512 4227 548 4282; x_wconf 84' lang='lat'>20</span> <span class='ocrx_word' id='word_1_247' title='bbox 567 4225 688 4296; x_wconf 85' lang='lat' dir='ltr'>diffin.p</span> <span class='ocrx_word' id='word_1_248' title='bbox 761 4229 794 4282; x_wconf 82' lang='lat'>21</span> <span class='ocrx_word' id='word_1_249' title='bbox 815 4227 890 4281; x_wconf 88' lang='lat' dir='ltr'>nitur</span> <span class='ocrx_word' id='word_1_250' title='bbox 911 4227 944 4280; x_wconf 81' lang='lat'>0¹</span> <span class='ocrx_word' id='word_1_251' title='bbox 1011 4229 1046 4282; x_wconf 82' lang='lat'>24</span> <span class='ocrx_word' id='word_1_252' title='bbox 1064 4227 1232 4283; x_wconf 84' lang='lat' dir='ltr'>uelinDeo</span> <span class='ocrx_word' id='word_1_253' title='bbox 1252 4227 1298 4282; x_wconf 84' lang='lat' dir='ltr'>uel</span> <span class='ocrx_word' id='word_1_254' title='bbox 1316 4229 1343 4281; x_wconf 90' lang='lat' dir='ltr'>in</span> <span class='ocrx_word' id='word_1_255' title='bbox 1362 4226 1410 4280; x_wconf 85' lang='lat' dir='ltr'>ho-</span> 
     </span>
     <span class='ocr_line' id='line_1_34' title="bbox 265 4329 371 4368; baseline 0.009 -2"><span class='ocrx_word' id='word_1_256' title='bbox 265 4329 371 4368; x_wconf 88' lang='lat' dir='ltr'>mrneu</span> 
     </span>
    </p>
   </div>
   <div class='ocr_carea' id='block_1_12' title="bbox 0 0 1540 4930">
    <p class='ocr_par' dir='ltr' id='par_1_14' title="bbox 0 0 1540 4930">
     <span class='ocr_line' id='line_1_35' title="bbox 0 0 1540 4930; baseline 0 1"><span class='ocrx_word' id='word_1_257' title='bbox 0 0 1540 4930; x_wconf 95' lang='lat' dir='ltr'> </span> 
     </span>
    </p>
   </div>
  </div>
 </body>
</html>
