3136 4934
305 405 369 466 414
676 399 702 452 S.
732 397 889 454 Aurelii
916 395 1136 466 Augustini

304 596 438 679 pestatis
462 595 642 674 inmanitas,
667 611 727 658 non
752 611 822 658 essa
846 593 936 672 bona,
972 611 1050 676 quae
1074 592 1147 656 illos
1172 592 1288 674 quibus
1313 593 1459 658 inessent

305 705 443 768 facerent
465 702 575 776 bonos,
601 703 687 766 siout
709 701 787 764 facit
809 700 943 764 iustitia.
984 696 1075 778 Quod
1099 701 1206 764 autem
1230 701 1322 762 aiunt
1340 719 1378 764 ea
1402 719 1458 764 neo

305 811 388 875 bona
410 807 596 892 appellanda
620 827 700 885 esse,
725 807 780 872 sed
805 806 985 872 commoda:
1009 807 1179 871 uerborum
1200 806 1455 883 cortemmiaco

306 936 411 980 rerum
440 914 572 979 examini
602 914 817 997 deputandum
845 916 904 978 est.
952 911 1035 992 Quid
1064 913 1146 978 enim
1172 913 1314 990 interest,
1348 916 1455 976 utrum

307 1023 413 1106 aptius
431 1023 514 1086 bone
533 1024 687 1086 nocentur
706 1039 744 1085 an
764 1020 939 1098 commoda,
965 1020 1040 1084 dum
1059 1023 1166 1086 tamon
1186 1039 1224 1084 ne
1243 1020 1293 1084 bis
1313 1021 1456 1102 priuatur
1479 1039 1489 1078 a

211 1122 215 1133 '
307 1149 367 1195 non
400 1129 505 1194 minus
540 1127 666 1192 Stoicus
692 1147 787 1208 quam
816 1126 1048 1209 Peripateticus
1082 1129 1234 1210 pauescat
1264 1129 1298 1190 et
1328 1126 1453 1209 palleat,

308 1257 345 1301 ea
363 1255 425 1300 non
446 1235 620 1318 aequaliter
635 1233 832 1316 appellando,
853 1233 908 1297 sed
924 1233 1097 1315 aequaliter
1115 1233 1336 1298 aestimando?
1356 1233 1453 1296 Ambo

309 1363 394 1422 sane,
419 1344 446 1407 si
466 1344 618 1407 bonorum
637 1341 772 1405 istorum
797 1360 853 1404 seu
878 1341 1115 1406 commodorum
1140 1341 1290 1424 periculis
1311 1339 1352 1404 ad
1372 1340 1453 1424 flagi·

308 1451 390 1515 tium
415 1451 468 1514 uel
491 1449 614 1514 facinus
639 1451 820 1532 urgeantur,
845 1452 882 1511 ut
905 1447 997 1511 aliter
1020 1465 1056 1512 ea
1078 1447 1212 1512 retinere
1235 1467 1296 1512 nou
1321 1446 1451 1530 possint,

310 1557 405 1622 malle
429 1575 463 1620 se
487 1555 598 1620 dicunt
620 1555 698 1618 baec
729 1554 884 1630 amittere,
914 1553 1029 1636 quibus
1058 1556 1170 1618 natura
1197 1554 1339 1636 corporis
1368 1553 1451 1618 salua
1467 1575 1487 1614 o

311 1667 342 1726 et
365 1663 535 1728 incolumis
559 1662 704 1730 babetur.
739 1679 833 1742 quam
861 1659 916 1724 illa
944 1660 1152 1738 committere,
1188 1661 1304 1743 quibus
1334 1661 1450 1724 iustitia

311 1770 459 1834 uiolatur.
497 1769 547 1834 Ita
570 1787 668 1846 mens,
693 1767 748 1831 ubi
771 1767 831 1830 fixa
854 1771 904 1832 est
926 1767 989 1832 ista
1013 1768 1178 1842 sententia,
1208 1768 1313 1832 nullas
1337 1769 1449 1850 pertur-

310 1877 465 1953 bationes,
499 1875 625 1939 etiamsi
654 1875 802 1939 accidunt
828 1875 1031 1939 inferioribus
1060 1875 1156 1939 animi
1180 1875 1335 1957 partibile,
1367 1874 1396 1938 in
1420 1893 1448 1936 so

312 1986 421 2049 contra
438 1982 591 2048 rationem
606 1981 789 2065 praeualere
804 1982 974 2063 permitam
1000 1982 1074 2064 quin
1094 1983 1191 2046 immo
1211 1982 1256 2046 eis
1275 1982 1344 2064 ipsa
1359 1980 1445 2044 domi-

312 2093 405 2154 natur
424 2089 533 2171 eisque
552 2109 612 2154 non
633 2089 858 2154 consentiendo
879 2091 910 2153 et
928 2089 1036 2171 potius
1055 2088 1230 2154 resistendo
1249 2107 1378 2171 regnum
1392 2085 1443 2148 uir·
1461 2103 1483 2144 n

312 2195 392 2261 tutis
412 2199 545 2272 exercet.
569 2195 677 2260 Talem
698 2195 849 2260 describit
868 2197 965 2259 etiem
985 2195 1146 2278 Vergilius
1165 2195 1304 2269 Aenean,
1324 2194 1376 2257 ubi
1394 2193 1442 2256 ait:
1546 2239 1547 2260 i

474 2325 556 2382 lions
579 2324 690 2384 inmota
713 2327 820 2395 manet,
844 2323 980 2382 lacrimae
1004 2323 1161 2382 uoluuntur
1183 2323 1296 2382 inance.

786 2511 922 2578 CAPUT
947 2511 984 2577 V.

316 2654 421 2734 Quod
454 2654 663 2737 passiones,
697 2673 792 2736 quae
822 2654 1060 2720 Christianos
1089 2655 1232 2720 animos
1262 2653 1444 2726 adficiunt,

383 2781 455 2825 non
479 2761 515 2825 in
539 2760 677 2826 uitium
702 2761 865 2836 trahant,
890 2762 954 2826 sed
978 2763 1161 2826 uirtutem
1185 2765 1387 2826 exerceant.
1457 2779 1477 2817 o

361 2903 430 2966 Non
469 2905 519 2966 est
555 2921 638 2966 nuno
676 2921 805 2966 necesse
843 2903 969 2984 copiose
1007 2923 1044 2968 ao
1081 2903 1250 2987 diligenter
1286 2899 1441 2972 ostendere,

316 3009 392 3092 quid
407 3008 444 3072 de
460 3009 531 3072 istis
546 3009 749 3092 passionibus
765 3009 876 3073 doceat
892 3009 1048 3091 scriptura
1063 3009 1180 3086 diuina,
1206 3029 1269 3092 qua
1284 3007 1442 3074 Christiana

316 3115 450 3180 eruditio
476 3115 664 3180 continetur.
688 3115 755 3180 Deo
781 3115 897 3199 quippe
923 3111 1035 3202 [illam]
1058 3117 1160 3200 ipsam
1185 3121 1321 3181 mentem
1342 3113 1443 3180 subicit

317 3223 486 3306 regendam
519 3226 551 3288 et
584 3222 754 3286 iuuandum
788 3223 950 3306 mentique
984 3223 1147 3306 passiones
1180 3224 1225 3288 ita
1258 3219 1443 3289 moderandas
1545 3253 1546 3298 ,

409 3413 440 3466 17
460 3411 526 3466 Aen.
546 3412 610 3467 1111.
628 3413 681 3466 449

355 3542 727 3598 abonosmeinraee
793 3543 973 3598 3uerborum
992 3564 1024 3601 m.
1046 3547 1222 3600 aurose
1288 3549 1444 3600 lntmmes

318 3633 573 3700 m.2rescriptu,e
628 3633 815 3686 lertimsndo
831 3635 852 3688 1¹
925 3634 1251 3740 ambos'ltamcnpeeie
1304 3629 1443 3696 8isloru1ul

320 3748 515 3802 stoicorumla
569 3750 743 3806 9uelom.e
814 3715 960 3804 retinemO
1014 3750 1047 3804 10
1065 3751 1216 3804 mallereO
1270 3753 1299 3804 11
1320 3745 1444 3814 iniustitia,

320 3837 346 3890 in
364 3837 471 3891 lincolie
485 3837 609 3902 deletum,
627 3837 650 3891 0
703 3839 736 3891 12
755 3839 884 3908 uiolatur]
899 3838 1030 3894 colatura
1085 3841 1117 3895 13
1137 3841 1264 3894 accidunt
1278 3840 1317 3894 be
1321 3837 1446 3910 psal.‘,·

321 3925 454 3979 accedunt
475 3925 508 3992 0,·
528 3925 634 3980 accedit
654 3945 686 3993 a;
705 3926 835 3981 accedant
855 3928 879 3993 l;
898 3927 1025 3982 accidant
1042 3945 1083 3997 qv
1141 3931 1174 3983 14
1193 3930 1232 3982 ais
1251 3947 1302 3984 om.
1321 3945 1334 3981 s
1397 3925 1444 3994 ipss

322 4013 474 4068 dominatur
494 4015 533 4067 eis
548 4032 569 4083 p
653 4017 684 4069 15
710 4019 748 4085 ei]
767 4016 815 4070 sed
829 4033 876 4085 po
966 4022 995 4096 et
1012 4017 1104 4087 potius
1123 4018 1275 4072 resistendo
1293 4035 1349 4086 saep.
1368 4011 1446 4068 uad

323 4131 355 4184 re
375 4129 527 4183 aracaeus
599 4131 634 4185 ao
653 4131 809 4186 rrauunac
880 4133 913 4186 aa
934 4099 1042 4186 alluo
1107 4135 1142 4188 aa
1163 4134 1261 4204 [iriam]
1280 4151 1329 4189 om.
1349 4127 1443 4196 carro

317 4234 389 4286 pec
410 4219 520 4286 Horeb,
538 4219 613 4272 illam
633 4237 666 4275 aa.
686 4237 736 4274 reo.
755 4239 816 4290 sup.
837 4221 885 4274 lin.
909 4221 938 4285 Ο,
957 4223 1051 4276 rollo
1131 4224 1262 4292 mentem]
1281 4222 1441 4276 nranentenrr

323 4307 468 4360 subicimus
488 4325 501 4360 e
