3136 4928
339 439 390 494 De
418 441 593 501 ciuitate
623 440 686 495 dei
713 441 778 496 lib.
803 441 849 496 XI.
879 459 953 513 cap.
977 443 1020 498 29.
1040 444 1084 500 30.
1215 448 1279 514 557

130 634 395 712 incommutabili,
424 635 516 700 alitor
537 635 570 699 in
594 635 699 700 anima
720 635 807 702 insti.
846 634 898 700 Sic
922 635 1033 701 deinde
1058 639 1170 714 cetera,
1195 635 1282 702 sicut

129 740 361 808 firmamentum
385 741 468 806 inter
491 760 589 824 aquas
609 742 788 826 superiores
808 744 840 806 et
857 741 1032 822 interiores,
1053 742 1137 826 quod
1156 743 1280 809 caelum

129 851 281 914 uocatum
315 851 379 926 est;
417 849 502 914 sicut
538 847 687 914 deorsum
724 867 876 931 aquarum
915 850 1078 935 congeries
1115 852 1280 933 terraeque

129 955 259 1020 nudatio
284 957 318 1020 et
339 955 507 1020 barbarum
532 955 693 1021 institutio
718 954 821 1037 adque
843 954 1017 1038 lignorum
1042 955 1127 1022 sicut
1145 955 1223 1022 solis
1242 975 1280 1022 ac

96 1086 109 1124 c
129 1061 224 1127 lunae
238 1062 466 1144 stellarumque
480 1061 634 1138 conditio;
650 1061 736 1127 sicut
749 1080 786 1126 ex
800 1061 891 1143 aquis
905 1061 1101 1142 animalium,
1111 1063 1279 1128 uolucrum

130 1167 254 1232 scilicet
276 1167 379 1250 adque
396 1167 532 1249 piscium
557 1166 788 1248 beluarumque
811 1166 1002 1244 natantium
1028 1167 1112 1232 sicut
1130 1185 1279 1250 quornm-

129 1292 188 1354 que
207 1272 239 1336 in
258 1277 342 1338 terra
359 1272 570 1358 gradientium
585 1270 687 1356 adque
703 1271 881 1354 repentium
896 1276 928 1337 et
941 1273 1043 1356 ipsius
1059 1273 1207 1352 bominis,
1223 1274 1279 1356 qui

128 1380 253 1444 cunctis
279 1379 311 1444 in
336 1381 420 1446 terra
442 1379 538 1445 rebus
561 1380 736 1444 excelleret.
772 1377 885 1444 Omnia
907 1378 984 1444 haec
1008 1379 1100 1444 aliter
1121 1381 1153 1445 in
1173 1379 1278 1446 Verbo

127 1485 186 1550 Dei
214 1487 450 1570 cognoscuntur
477 1485 515 1552 ab
544 1485 677 1570 angelis,
705 1485 761 1551 ubi
788 1485 906 1551 babent
934 1504 1046 1551 causas
1074 1486 1277 1570 rationesque

81 1621 107 1660 io
126 1611 214 1668 suaa,
237 1591 271 1656 id
296 1594 345 1658 est
368 1591 543 1658 secundum
569 1611 648 1676 quas
671 1593 863 1669 factasunt,
887 1591 1192 1659 incommutabiliter
1208 1612 1278 1676 per-

125 1701 300 1778 manentes,
321 1699 414 1764 aliter
430 1698 463 1763 in
483 1718 518 1764 se
536 1699 630 1782 ipsis;
654 1699 711 1764 illa
730 1698 870 1777 clariore,
891 1697 950 1764 hac
970 1698 1152 1765 obscuriore
1171 1699 1277 1784 cogni·

124 1805 223 1882 tione,
252 1805 345 1869 uelut
372 1803 448 1869 artis
477 1805 579 1888 adque
608 1822 753 1888 operum;
783 1823 863 1890 quae
891 1807 998 1871 tamen
1022 1825 1117 1889 opera
1140 1824 1211 1870 cum
1237 1805 1276 1870 ad

124 1909 227 1994 ipsius
252 1909 409 1977 creatoris
432 1911 560 1976 laudern
583 1913 882 1994 uenerationemque
905 1913 1092 1992 referuntur,
1112 1915 1276 1995 tamqnam

123 2036 215 2082 mane
238 2017 375 2082 lucescit
396 2017 428 2083 in
453 2019 613 2084 mentibus
638 2018 931 2106 contemplantium.

81 2241 106 2282 re
569 2210 706 2277 CAPUT
728 2211 828 2276 XXX.

125 2356 179 2420 De
201 2355 357 2420 senarii
377 2352 530 2419 numeri
548 2354 820 2436 perfectione,
836 2353 904 2436 qui
923 2352 1078 2436 primns
1095 2352 1273 2436 partium
1382 2403 1387 2414 .

362 2479 523 2526 suarum
548 2459 783 2543 quantitate
807 2459 1033 2547 conpletur.

168 2605 256 2669 Haec
280 2607 386 2668 autem
410 2606 539 2687 propter
561 2603 674 2668 senarii
697 2602 821 2668 numeri
842 2601 1068 2686 perfectionem
1092 2601 1202 2666 codem
1222 2601 1274 2666 die

123 2711 247 2776 senens
274 2710 408 2794 repetito
438 2729 491 2774 ser
520 2708 632 2774 diebus
661 2709 802 2792 perlecta
823 2711 998 2784 narrantur,
1022 2725 1084 2772 uon
1108 2707 1183 2789 quia
1205 2707 1272 2772 Deo

78 2838 105 2878 eo
122 2817 221 2882 fuerit
237 2817 415 2884 necessarie
432 2835 521 2882 mora
538 2819 728 2898 temporum,
748 2817 840 2899 quasi
858 2816 913 2899 qui
931 2835 991 2881 non
1009 2814 1151 2899 potuerit
1168 2833 1274 2880 creare

123 2925 230 2989 omnia
252 2925 359 3000 simul,
383 2941 464 3007 quae
488 2922 638 3004 deinceps
661 2923 810 3006 congruis
829 2922 971 2988 motibus
990 2925 1175 3005 peragerent
1192 2925 1274 2986 tem·

122 3030 297 3114 pora31ed
321 3030 395 3113 quia
420 3029 654 3112 personarium
678 3048 843 3094 numerum
868 3033 918 3093 est
941 3047 1071 3112 operum
1095 3025 1274 3112 significata

121 3137 284 3220 perfectio.
325 3135 486 3200 Numerus
520 3135 637 3218 quippe
669 3135 811 3200 cenamus
847 3135 970 3217 primus
1007 3133 1172 3216 conpletur
1203 3133 1273 3198 suis

120 3242 276 3325 partibus,
308 3241 342 3307 id
374 3244 424 3306 est
456 3245 544 3308 serta
575 3241 626 3306 sni
657 3245 746 3324 parte
775 3243 808 3306 et
834 3241 930 3306 tertia
957 3243 989 3304 et
1021 3239 1162 3318 dimidia,
1190 3258 1272 3322 quae

76 3373 102 3414 ec
121 3352 197 3415 sunt
225 3367 324 3413 unum
351 3352 384 3414 et
407 3348 469 3413 duo
494 3351 526 3412 et
548 3347 618 3422 tria,
643 3348 777 3430 quaein
803 3367 960 3413 summam
984 3348 1081 3412 ducta
1103 3365 1156 3410 ser
1179 3345 1270 3411 bunt.

119 3455 232 3520 Partes
259 3457 367 3520 autem
394 3455 425 3520 in
453 3455 511 3519 hac
540 3453 788 3520 consideratione
816 3472 1020 3519 numerorum
1047 3454 1120 3518 illae
1148 3451 1271 3517 intelle-

157 3691 170 3744 1
191 3688 489 3753 incommutabilialiter
511 3689 537 3741 V
587 3691 606 3742 4
625 3689 667 3759 ac]
689 3691 750 3743 eto
809 3691 825 3744 6
846 3705 1013 3758 quorumque
1032 3687 1125 3752 codd.,·
1142 3703 1269 3757 quornm·

119 3795 269 3849 cumquec
338 3779 353 3832 'l
373 3777 448 3848 grad
467 3779 496 3832 in
515 3783 587 3832 terra
602 3784 646 3847 pt
701 3779 731 3832 ll
753 3777 891 3832 illa-bac
910 3777 971 3847 (hec
991 3777 1006 3830 b
1012 3779 1045 3845 p)
1065 3775 1158 3842 codd.‚·
1175 3775 1266 3828 illic-

118 3869 199 3922 bico
271 3867 415 3922 clariorat
470 3867 502 3922 13
522 3872 661 3937 tamquam
680 3869 853 3936 manel'cum
873 3881 927 3936 qua
946 3866 1018 3918 mani
1037 3863 1058 3918 t¹
1114 3866 1147 3919 16
1166 3865 1269 3934 primus

119 3973 171 4012 om.
187 3973 235 4026 pq
327 3957 360 4010 19
379 3957 495 4026 sexiens]
515 3957 655 4026 septiesp
750 3956 787 4010 VI
807 3954 910 4018 diebus,
929 3954 961 4007 in
978 3970 1064 4024 mcrp.
1084 3953 1153 4006 serti
1171 3951 1235 4012 diei.
1254 3969 1269 4005 c

117 4045 155 4100 20
172 4061 276 4100 necess.
296 4044 413 4099 luerito
483 4044 615 4114 potuerit]
636 4045 749 4098 lueritt
821 4043 934 4166 erexerit
997 4043 1029 4095 21
1051 4041 1184 4110 simulque
1199 4057 1267 4163 pon·

118 4169 203 4252 gruis,
222 4169 321 4224 oma'aao
340 4168 476 4238 deinceps,
501 4169 527 4222 V
596 4173 743 4240 pergerent
766 4169 791 4221 V
861 4153 878 4237 p
898 4171 1028 4236 tempora,
1047 4169 1078 4219 tn
1098 4181 1183 4236 marg.
1203 4145 1267 4234 age-

117 4263 226 4327 rent‚p
316 4259 351 4314 23
370 4258 599 4328 contempleturt
688 4259 722 4312 25
742 4274 824 4312 unum
844 4257 896 4310 duo
916 4259 980 4324 etp
1075 4271 1206 4342 summum
1229 4251 1267 4318 V,·

118 4351 281 4416 summopi
