3094 4932
623 435 648 491 S.
677 434 832 492 Aurelii
860 438 1075 508 Augustini

415 635 473 692 Fas
497 635 603 707 obstat,
628 636 777 713 tristisque
800 640 885 714 palus
907 639 1072 699 inamabilis
1095 641 1190 700 undae

416 725 545 798 Adligat.
809 798 811 802 Ι

265 845 314 909 An
340 843 422 910 forte
449 844 521 909 ideo
549 845 595 910 ibi
618 865 680 912 non
705 849 764 924 est,
788 847 948 930 quianon
971 847 1141 928 insontem,
1166 849 1222 914 sed
1245 849 1327 915 male
1352 851 1415 916 sibi

267 951 424 1017 consciam
455 969 488 1016 se
516 953 671 1034 peremit?
697 952 781 1033 Quid
809 953 836 1018 si
866 953 949 1018 enim
972 953 1070 1036 (quod
1097 956 1167 1038 ipsa
1193 958 1414 1024 tantummodo

266 1077 359 1123 nosse
387 1057 525 1142 poterat)
554 1059 701 1140 quamuis
728 1059 837 1124 iuueni
870 1059 1027 1152 uiolenter
1057 1061 1195 1127 inruenti
1228 1065 1324 1128 etiam
1357 1085 1416 1130 sua

265 1165 398 1230 libidine
426 1165 542 1229 inlecta
570 1165 731 1231 consensit
758 1166 853 1249 idque
880 1167 913 1231 in
941 1186 975 1232 se
1003 1168 1137 1250 puniens
1163 1170 1209 1235 ita
1238 1170 1351 1245 doluit,
1379 1175 1417 1236 ut

267 1276 368 1338 morte
391 1274 518 1355 putaret
541 1272 748 1354 expiandum?
774 1272 1034 1355 Quemquamne
1058 1274 1104 1339 sic
1129 1275 1257 1358 quidem
1282 1297 1315 1341 se
1335 1279 1414 1342 oeci·

268 1380 340 1443 dere
373 1378 493 1458 debuit,
527 1379 554 1443 si
586 1379 780 1444 fructuosam
814 1384 924 1462 posset
961 1385 1039 1464 aput
1077 1381 1153 1447 deos
1189 1384 1287 1449 falsos
1325 1404 1416 1470 agere

267 1485 502 1569 paenitentiam.
540 1484 659 1549 Verum
687 1487 792 1550 tamen
822 1486 849 1550 si
882 1487 963 1551 forte
995 1487 1042 1552 ita
1075 1497 1125 1554 est
1154 1489 1334 1572 falsumque
1368 1496 1418 1556 est

268 1593 359 1670 illud,
380 1592 464 1675 quod
484 1591 546 1655 duo
565 1591 694 1656 fuerunt
712 1596 744 1656 et
763 1592 954 1658 adulterium
972 1614 1054 1659 unus
1075 1595 1213 1672 admisit,
1234 1597 1289 1660 sed
1308 1596 1459 1680 potius1⁰

270 1698 361 1764 ambo
382 1698 572 1762 adulterium
592 1698 829 1776 commiserunt,
845 1718 928 1763 unus
949 1701 1117 1764 manifesto
1130 1701 1304 1780 inuasione,
1319 1704 1419 1768 altera

268 1807 387 1870 latente
412 1805 626 1880 consensione,
646 1824 708 1869 non
733 1825 766 1870 se
791 1805 908 1870 occidit
932 1807 1099 1883 insontem,
1120 1812 1152 1872 et
1174 1809 1245 1874 ideo
1269 1812 1419 1892 polesio

269 1912 419 1978 litteratis
448 1912 516 1976 eius
547 1911 765 1976 defensoribus
795 1910 857 1976 dici
885 1932 947 1977 mon
976 1931 1047 1978 esse
1078 1918 1156 1997 aput
1186 1915 1303 1980 inferos
1336 1916 1420 1980 inter

270 2020 354 2098 illos,
377 2018 442 2102 ‘qui
470 2018 531 2082 sibi
558 2019 659 2082 letum
687 2019 829 2082 insontes
858 2037 1006 2101 peperere
1034 2023 1153 2086 manu?
1180 2021 1243 2088 Sed
1270 2023 1316 2086 ita
1340 2023 1418 2087 haec

272 2145 368 2192 eausa
381 2145 417 2189 er
435 2129 569 2208 utroque
588 2126 684 2190 lutere
704 2128 873 2204 coartatur,
888 2128 934 2201 ut,
951 2126 979 2189 si
998 2128 1182 2191 extenuatur
1199 2127 1417 2208 homicidium,
1440 2147 1460 2185 u

272 2231 462 2297 adulterium
491 2231 706 2306 confirmetur,
740 2231 768 2295 si
799 2235 954 2314 purgatur·
982 2231 1183 2310 adulterium,
1211 2233 1420 2299 homicidium

272 2340 465 2415 cumuletur,
490 2355 547 2402 neo
572 2337 696 2402 omnino
720 2337 881 2402 inuenitur
905 2337 1018 2416 oritus,
1038 2337 1242 2403 ubidicitur:
1267 2339 1312 2405 ‘si
1331 2341 1419 2406 adrul-

271 2449 381 2522 teruta,
406 2464 488 2526 quur
509 2443 651 2518 laudata
676 2443 703 2508 si
726 2443 851 2526 pudiea,
876 2463 958 2525 quur
981 2445 1118 2509 occisai’

316 2550 417 2615 Nobis
448 2553 554 2614 tamen
588 2549 647 2613 hoc
679 2554 744 2614 tam
778 2550 876 2614 nobili
907 2551 1043 2614 feminae
1077 2551 1173 2616 huius
1205 2555 1346 2637 exemplo
1380 2554 1420 2619 ad

272 2658 353 2722 istos
381 2655 575 2733 refutandos,
604 2656 658 2738 qui
688 2655 875 2721 Christianis
904 2655 1029 2721 leminis
1062 2656 1092 2720 in
1129 2659 1316 2740 captiuitate
1349 2680 1461 2726 con-so

273 2764 392 2850 pressis
416 2762 510 2826 alieni
534 2761 571 2825 ab
597 2763 681 2827 omni
706 2763 897 2846 cogitatione
917 2764 1096 2827 sanctitatis
1115 2764 1280 2838 insultant,
1301 2765 1422 2829 suflicit

275 2869 360 2953 quod
385 2869 418 2932 in
441 2868 609 2950 praeclaris
633 2868 702 2932 eius
724 2868 874 2933 laudibus
900 2868 1020 2933 dictum
1045 2873 1109 2935 est:
1133 2871 1213 2934 ‘Duo
1237 2871 1365 2935 fuerunt
1388 2875 1421 2936 et

275 2975 463 3041 adulterium
493 2994 574 3039 nnus
604 2974 756 3042 admisit?
792 2975 876 3040 Talis
905 2976 988 3040 enim
1017 2976 1055 3039 ab
1080 2977 1126 3040 eis
1149 2977 1296 3041 Lucretia
1318 2979 1422 3062 magis

276 3082 393 3148 credita
407 3086 465 3158 est,
482 3099 560 3163 quae
577 3099 610 3144 se
625 3081 712 3145 nullo
729 3081 903 3146 adulterino
923 3082 1063 3164 potuerit
1080 3084 1239 3147 maculare
1258 3103 1421 3149 consensu.

276 3188 367 3268 Quod
396 3207 469 3272 ergo
499 3207 533 3252 se
561 3188 673 3270 ipsam,
698 3188 844 3270 quoniam
875 3189 1054 3254 adulterum
1076 3190 1219 3271 pertulit,
1243 3191 1338 3255 etiam
1362 3209 1422 3254 non
1438 3211 1461 3252 m

276 3295 419 3361 adultera
446 3294 571 3374 occidit,
597 3313 657 3358 non
686 3297 735 3358 est
761 3294 933 3377 pudicitiae
958 3295 1082 3374 caritas,
1107 3296 1163 3360 sed
1185 3297 1316 3378 pudoris
1340 3296 1422 3361 infir·

1445 1029 1458 1070 ⁵

367 3505 393 3573 1]
414 3504 453 3558 ib.
470 3521 496 3560 u.
515 3504 569 3558 438

314 3629 327 3680 1
352 3627 410 3681 iata
437 3627 547 3680 obstant
569 3625 623 3695 olo
730 3625 872 3694 tristisque
895 3625 1068 3694 LACacp
1080 3627 1124 3680 ot
1136 3629 1170 3694 ᾖ·
1194 3627 1320 3697 tristique
1344 3627 1424 3698 bq'v

276 3715 403 3769 innabilis
423 3732 492 3784 aqu
563 3715 651 3768 undae
671 3713 730 3768 LA
742 3713 903 3783 Oepu¹lc¹3
925 3714 998 3768 unda
1016 3713 1140 3768 abu²lc²
1149 3721 1209 3786 fau
1227 3733 1262 3768 un
1274 3717 1380 3786 alligat,
1393 3718 1425 3770 s'rs

277 3821 362 3874 moro.
391 3803 468 3873 dau
531 3803 605 3857 3ibi
623 3802 685 3856 ideo
706 3820 724 3856 α
788 3801 1089 3871 ssua,m.2snj‚0
1155 3804 1274 3858 dlibine
1296 3803 1423 3866 0¹;1iui-

278 3891 417 3946 dineLA
508 3890 1129 3960 ineLrlO¹obpqulc¹,·necC²elc²fo
1220 3891 1426 3948 occideresoo

278 3983 401 4051 Sposset
449 3979 742 4049 poatfalsoslsabeto
796 3979 926 4033 9lalsum
940 3979 1047 4048 quidem
1065 3983 1134 4033 este
1181 3981 1213 4034 10
1229 3980 1263 4034 od
1278 3979 1392 4034 adulter.
1402 3999 1424 4050 p

280 4071 313 4123 12
332 4070 397 4138 non]
418 4072 446 4122 et
463 4085 517 4122 non
536 4086 566 4137 q,·
584 4085 634 4122 neo
654 4088 670 4120 α
727 4071 760 4123 13
779 4069 850 4122 inter
869 4068 930 4122 illos
949 4085 983 4124 m.
1002 4071 1018 4120 1
1036 4084 1096 4136 sup.
1118 4069 1166 4122 lin.
1187 4069 1227 4135 L;
1245 4069 1318 4122 inter
1337 4085 1382 4123 eos
1404 4069 1428 4123 G

280 4161 312 4212 17
333 4157 486 4212 adulterae
532 4154 1184 4225 lohoctn012minhocfflabquomo.
1244 4158 1425 4226 iuconpres-

280 4248 326 4307 sis,
347 4247 383 4298 sis
402 4263 436 4299 m.
455 4251 474 4300 2
492 4247 524 4298 in
541 4263 607 4314 raa,
630 4245 654 4300 C
705 4247 738 4300 21
760 4245 793 4299 ab
806 4286 811 4300 .
824 4285 829 4297 .
842 4245 992 4301 ,insultant
1010 4260 1061 4297 om.
1081 4261 1095 4298 c
1157 4246 1281 4315 cogitat]
1303 4246 1425 4316 contagi-

280 4352 360 4389 onea
396 4337 429 4389 25
441 4334 669 4390 adulteriumd²a
706 4331 1429 4402 26adulteraLAU²bcpqulcf,·adulterata0¹o
