3164 4932
274 459 339 522 654
565 497 568 504 ,
622 457 649 511 S.
677 457 834 512 Aurelii
862 459 1081 528 Augustini
1125 507 1127 510 ,

274 651 344 734 ipsa
372 670 524 717 conuersa
552 655 611 717 est.
650 651 725 718 Siue
753 655 860 717 autem
889 653 1086 718 formauit
1110 653 1178 718 siue
1202 652 1329 719 finxit
1352 654 1423 736 quis

272 757 377 850 'dicere
396 758 544 832 uoluerit,
560 757 644 840 quod
660 757 779 824 Graece
799 757 917 822 dieitur
932 755 1073 828 ἔπλασεν,
1089 759 1128 822 ad
1147 778 1212 824 rem
1231 759 1312 824 nihil
1329 761 1424 824 inter-

274 867 337 940 est3
362 863 464 948 magis
488 869 593 930 tamen
617 864 741 948 proprie
760 864 877 930 dieitur
900 865 1033 932 finxit.
1058 863 1121 930 Sed
1140 863 1334 950 ambiguitas
1353 865 1425 930 uisa

274 974 324 1035 eet
343 970 513 1036 deuitanda
532 972 588 1048 eis,
610 972 663 1054 qni
683 971 879 1036 formauit
899 970 1001 1036 dicere
1020 971 1211 1050 maluerunt,
1231 991 1267 1037 eo
1288 972 1373 1055 qnod
1391 971 1424 1035 in

273 1075 386 1142 Latina
407 1077 518 1162 lingua
540 1075 622 1140 illud
645 1075 750 1160 magis
774 1076 914 1140 obtinuit
937 1076 1142 1156 consuetude,
1166 1082 1203 1142 ut
1225 1069 1259 1142 hi
1279 1077 1426 1142 dieantur
1458 1103 1472 1144 e

272 1182 400 1267 fingere,
438 1163 495 1265 qni
526 1182 646 1264 aliquid
678 1180 842 1247 mendacio
884 1182 1054 1248 simulante
1091 1169 1283 1267 cenponunt.
1330 1184 1425 1248 Hune

273 1289 372 1373 igitur
399 1289 570 1354 formatum
599 1289 759 1353 hominem
788 1287 826 1352 de
855 1291 955 1354 terrae
983 1289 1115 1373 puluere
1144 1290 1213 1354 siue
1240 1289 1318 1355 limo
1344 1287 1426 1372 (erat

270 1391 356 1461 'enim
380 1396 489 1480 puluis
513 1397 675 1478 umectus)
694 1433 738 1442 —
763 1397 856 1475 hune,
879 1397 1020 1478 inquam,
1045 1399 1082 1460 ut
1105 1394 1284 1479 expressius
1309 1396 1425 1472 dicam,

274 1503 360 1568 sieut
397 1503 554 1586 scriptura
589 1503 697 1569 locuta
731 1504 790 1582 est,
823 1502 1033 1586 puluerem
1068 1501 1112 1566 de
1146 1505 1255 1567 terra
1287 1502 1425 1566 animale

274 1629 387 1694 corpus
420 1611 539 1675 facturn
574 1629 644 1674 ease
677 1609 769 1675 (lueet
801 1609 977 1692 apestolus,
1011 1627 1084 1673 eum
1117 1610 1253 1673 animam
1286 1607 1423 1690 aceepit:
1446 1637 1470 1676 re

273 1717 330 1782 ‘lli
362 1719 499 1782 iaetus
532 1721 596 1782 est
627 1717 690 1782 iste
723 1715 835 1782 home
864 1716 902 1780 in
932 1715 1101 1780 enimam
1129 1716 1361 1794 uiuentem,
1390 1714 1425 1779 id

273 1830 332 1903 est,
356 1823 511 1889 formatus
534 1825 597 1888 iste
620 1823 728 1908 puluis
751 1824 855 1890 faetus
880 1826 928 1888 eet
951 1824 983 1888 in
1007 1823 1143 1888 animam
1166 1821 1342 1888 uiuentem.

318 1932 395 2006 Iam,
424 1931 582 2013 inquiunt,
610 1930 748 1996 habebat
775 1931 922 2009 animam,
951 1930 1091 2013 alioquin
1119 1947 1180 1994 non
1211 1930 1425 2012 appellaretur

273 2037 379 2114 homo,
408 2037 557 2119 quoniam
584 2037 679 2102 home
709 2055 770 2102 non
799 2041 849 2101 est
873 2055 987 2119 eorpus
1011 2037 1114 2101 solum
1140 2036 1193 2101 uel
1215 2035 1321 2100 anima
1344 2036 1424 2112 sola,

273 2143 330 2208 sed
354 2143 408 2226 qui
433 2148 465 2209 et
488 2143 591 2210 anima
614 2147 739 2210 constat
762 2147 795 2208 et
819 2162 955 2226 corpore.
979 2143 1049 2208 Hoe
1074 2143 1202 2227 quidem
1227 2161 1338 2207 uerum
1363 2143 1423 2218 est,
1443 2169 1468 2210 ra

274 2250 359 2333 qued
391 2270 452 2316 nen
484 2254 573 2317 totus
601 2251 707 2334 herne,
737 2250 794 2315 sed
821 2270 894 2333 pare
922 2251 1034 2315 melier
1061 2249 1199 2315 heminis
1227 2249 1332 2314 anima
1359 2253 1423 2324 eet3

273 2377 332 2422 nee
364 2361 453 2423 totus
485 2357 580 2424 hemo
610 2377 735 2441 eorpus,
765 2357 821 2422 sed
847 2356 976 2422 inferior
1003 2355 1140 2423 heminis
1167 2375 1240 2441 pare
1269 2359 1333 2433 est;
1367 2355 1424 2421 sed

274 2484 345 2530 cum
376 2469 425 2530 est
452 2468 624 2549 utrumque
653 2465 858 2530 coniunctum
882 2465 990 2541 simul,
1013 2463 1111 2528 hebet
1133 2463 1270 2529 heminis
1294 2482 1423 2538 nomem

273 2572 359 2653 quod
386 2577 493 2636 tamen
523 2574 556 2637 et
584 2572 710 2656 singula
733 2591 793 2636 nen
818 2571 979 2649 amittunt,
1004 2569 1101 2634 etiam
1125 2589 1199 2635 eum
1223 2570 1261 2636 de
1285 2569 1423 2654 singulis

272 2679 444 2760 loquimur.
472 2677 550 2758 Quis
576 2678 658 2742 enirn
682 2677 784 2742 dicere
807 2677 993 2760 prohibetur
1011 2676 1178 2742 cottidiani
1196 2675 1332 2758 quadam
1350 2677 1422 2760 lege
1440 2701 1463 2741 n
1568 2703 1569 2716 ¹

274 2785 441 2850 sermonis:
466 2786 570 2850 Homo
598 2784 653 2848 ille
683 2783 851 2850 defunctus
875 2787 980 2848 estet
1003 2803 1085 2848 nune
1109 2783 1140 2847 in
1163 2783 1272 2865 requie
1297 2785 1349 2848 eet
1369 2785 1424 2848 uel

272 2890 305 2955 in
333 2893 453 2976 poenis,
483 2911 556 2957 eum
585 2889 622 2954 de
651 2891 757 2955 anime
786 2892 854 2956 sela
882 2891 986 2973 possit
1013 2891 1074 2955 hoe
1102 2889 1175 2966 diei,
1204 2891 1250 2954 et:
1278 2888 1339 2955 Illo
1367 2893 1422 2953 aut

272 2997 328 3062 illo
352 2998 422 3064 lece
447 2997 541 3062 homo
565 2997 620 3062 ille
644 2997 789 3081 sepultus
814 3001 872 3072 est,
894 3015 966 3061 eum
985 2995 1046 3062 hoe
1065 2995 1127 3062 nisi
1147 2995 1185 3060 de
1205 2989 1273 3061 sele
1293 3015 1421 3078 corpore

274 3123 335 3169 non
367 3105 471 3188 pessit
502 3105 665 3188 intellegi?
707 3106 755 3171 An
789 3103 905 3169 dicturi
938 3108 1013 3169 sunt
1041 3103 1088 3169 ele
1113 3103 1203 3185 loqui
1232 3103 1422 3187 scripturam

273 3229 334 3275 non
360 3210 460 3277 solere
484 3211 644 3277 diuinam?
668 3211 769 3276 Immo
793 3229 869 3274 uero
892 3210 949 3275 ille
970 3211 1017 3275 ita
1039 3210 1130 3275 nobis
1154 3210 1186 3274 in
1204 3210 1264 3274 hoc
1285 3209 1421 3274 adtesta·
1439 3236 1462 3274 e

272 3321 333 3398 tur,
365 3321 402 3382 ut
434 3319 530 3382 etiem
562 3337 635 3382 eum
664 3317 726 3382 duo
755 3319 819 3382 ista
846 3317 1014 3383 coniuncta
1042 3321 1117 3382 sunt
1144 3319 1176 3381 et
1203 3316 1288 3381 uiuit
1314 3317 1420 3394 home,

271 3429 377 3488 tamen
403 3426 499 3489 etiam
523 3423 650 3509 singule
673 3423 810 3490 hominis
833 3424 990 3489 uocabulo
1015 3425 1162 3508 appellet,
1182 3422 1319 3487 animam
1339 3421 1421 3487 seili-

273 3535 324 3594 cet
356 3531 535 3597 interiorem
568 3532 738 3607 hominem,
768 3549 881 3614 eorpus
915 3534 1021 3595 autem
1050 3529 1233 3596 exteriorem
1262 3529 1418 3594 hominem

273 3656 400 3714 uocans,
433 3642 594 3720 tamquam
633 3637 695 3702 duo
730 3637 795 3702 sint
826 3637 981 3714 homines,
1015 3655 1088 3701 eum
1120 3635 1217 3701 simul
1250 3639 1419 3718 utrumque

363 3827 396 3880 27
417 3828 441 3883 2.
462 3825 521 3881 Cer.
541 3829 566 3892 4,
588 3829 621 3881 16

311 3977 323 4030 1
352 3977 412 4048 ipsa
436 3977 516 4042 Vel‚·
538 3977 594 4030 ista
611 3977 671 4032 rell.
690 3994 706 4030 v
724 3976 823 4031 Deme,
914 3977 930 4030 2
959 3941 1078 4047 splenem,
1094 3975 1310 4045 superantium
1328 3993 1347 4030 n
1359 3976 1420 4045 sere

272 4065 433 4130 etiamdum,
458 4063 484 4118 V
554 4067 570 4120 6
599 4065 729 4119 simulant
748 4069 777 4118 et
795 4063 824 4118 ῖ2
897 4067 912 4118 7
941 4065 1080 4135 puluerem
1104 4063 1130 4118 V
1202 4065 1232 4118 ll
1260 4064 1313 4118 iate
1332 4080 1384 4118 om.
1402 4083 1419 4116 a

274 4155 307 4208 13
326 4153 465 4221 habebant
482 4153 517 4207 V¹
574 4155 607 4209 15
627 4157 655 4208 ei
674 4155 765 4208 anima
782 4153 918 4222 Vbela5
937 4171 967 4208 ex
986 4170 1029 4207 an.
1050 4171 1120 4222 apa
1191 4155 1311 4222 constet]
1332 4152 1417 4208 eonti-

273 4244 382 4298 neturb
439 4244 471 4297 le
486 4259 548 4312 pars
563 4257 647 4312 aeque
662 4241 828 4297 adsedem.
845 4243 864 4296 ῖ1
939 4246 1073 4296 entolina
1126 4243 1235 4297 230um
1249 4239 1421 4310 manlia]

272 4359 309 4410 24
327 4359 393 4412 acb
485 4362 551 4412 sunt
568 4324 709 4430 solo⁰qmb
782 4360 816 4413 25
835 4361 953 4412 testatur
966 4375 988 4427 p
1061 4359 1096 4412 28
1115 4361 1207 4413 autem
1224 4375 1301 4425 mae.;
1319 4335 1417 4412 uerae
