3072 4928
328 421 379 474 De
408 421 582 475 ciuitate
611 419 673 474 dei
700 420 766 476 lib.
795 420 846 474 III.
876 437 951 488 cap.
981 421 1095 474 23-25.
1222 421 1283 486 151

134 635 218 699 qnos
247 616 399 681 nobilitas
426 633 588 698 perperam
617 615 811 697 possidebat.
844 613 907 680 Sed
938 615 1001 678 iarn
1035 616 1197 678 uetustam
1228 613 1287 677 ini-

134 724 295 806 quitatem
337 723 451 786 audere
494 723 670 787 conuellere
710 721 1028 804 periculosissimum,
1065 721 1161 784 immo
1199 739 1286 796 nero,

134 833 174 892 ut
201 848 253 894 res
279 829 351 911 ipsa
379 829 497 906 docuit,
521 829 828 912 perniciosissimum
851 829 923 894 fuit.
962 825 1049 906 Quae
1072 827 1182 892 lunera
1204 827 1288 890 sacta

135 938 225 1013 sunt,
245 954 318 1000 cum
342 936 427 1018 prior
451 935 615 1001 Gracchus
640 935 765 1000 occisus
790 937 852 999 est!
878 953 958 1017 quae
981 935 1088 1010 etiam,
1109 953 1181 998 cnm
1205 932 1287 996 alius

103 1063 118 1100 a
137 1043 238 1106 frater
261 1042 330 1106 eius
349 1063 411 1107 uon
430 1043 524 1125 longo
543 1042 729 1124 interposito
749 1043 905 1124 tempore!
928 1041 1040 1122 Neque
1059 1041 1143 1104 enirn
1161 1038 1287 1122 legibus

138 1153 172 1213 et
210 1148 318 1213 ordine
354 1151 560 1231 potestatum,
598 1147 654 1213 sed
689 1148 792 1213 tnrbis
830 1165 1050 1228 armorumque
1088 1145 1288 1210 conflictibus

137 1255 264 1320 nobiles
292 1255 512 1339 ignobilesque
540 1255 743 1320 necabantur.
781 1255 859 1319 Post
883 1252 1017 1318 Gracchi
1041 1252 1172 1317 alterius
1195 1251 1289 1314 inter-

137 1361 312 1426 fectionem
332 1361 370 1425 L.
395 1359 542 1443 Opimius
566 1362 688 1437 consul,
713 1361 767 1443 qni
791 1359 943 1424 aduersus
968 1379 1040 1423 eum
1063 1359 1147 1424 iutra
1170 1357 1288 1422 Urbem

138 1489 228 1534 arma
266 1473 482 1534 commouerat
520 1487 619 1550 eoque
657 1487 730 1532 curn
770 1468 865 1532 sociis
904 1468 1054 1550 obpresso
1088 1469 1120 1530 et
1152 1465 1288 1528 extincto

90 1577 303 1660 mingentem
332 1575 452 1640 ciuium
482 1575 776 1659 samantneme,
806 1593 877 1638 curn
911 1573 1128 1656 quaestionem
1160 1571 1290 1635 haberet

138 1684 203 1747 iam
227 1681 394 1746 iudiciaria
415 1681 622 1764 inquisitione
641 1686 762 1747 ceteros
782 1699 984 1764 persequens,
1004 1680 1065 1744 tria
1082 1679 1172 1742 milia
1190 1676 1290 1742 homi·

140 1809 216 1853 num
247 1788 402 1852 occidisse
429 1788 623 1870 perhibetur.
664 1789 709 1852 lix
737 1805 798 1869 quo
825 1785 970 1869 intellegi
997 1787 1112 1867 potest,
1141 1787 1290 1866 quantam

140 1894 381 1960 multitudinem
405 1894 556 1958 mortium
576 1889 694 1958 babere
718 1893 858 1976 potuerit
882 1891 1029 1956 turbidus
1055 1891 1220 1956 conflictus
1245 1909 1290 1953 ar·

139 2021 278 2076 mornm,
312 2000 435 2082 quando
468 2003 588 2065 tantam
621 2001 734 2066 habuit
765 2000 955 2064 iudiciorum
988 1999 1079 2064 uelut
1117 1996 1291 2062 examinata

95 2131 121 2170 ιε
142 2107 292 2192 cognitio.
315 2107 486 2174 Percussor
506 2106 640 2172 Gracchi
663 2107 765 2188 ipsius
791 2109 895 2188 caput,
915 2112 1067 2189 quantum
1093 2124 1188 2189 graue
1213 2107 1289 2177 erat,

141 2217 229 2278 tanto
253 2213 322 2277 auri
344 2212 481 2295 pondere
505 2214 628 2278 consuli
651 2213 810 2286 uendidit;
835 2215 912 2278 haec
936 2213 1017 2276 enirn
1037 2211 1142 2293 pactio
1163 2207 1290 2273 caedem

142 2323 368 2402 praecesserat.
395 2320 431 2383 In
456 2339 518 2402 qua
541 2320 637 2384 etiam
661 2320 785 2384 occisus
806 2323 855 2384 est
875 2339 946 2383 cum
964 2319 1072 2382 liberis
1091 2317 1137 2380 M.
1155 2315 1290 2379 Fuluius

144 2426 329 2492 consularis

587 2533 723 2599 CAPUT
747 2533 847 2598 XXV,

98 2675 196 2742 anDe
227 2675 324 2739 aede
354 2673 602 2740 Concordiae
632 2695 673 2740 ex
702 2681 869 2741 senatus
905 2675 1094 2740 consulto
1128 2673 1166 2737 in
1200 2671 1290 2735 loco

357 2781 608 2845 seditionum
632 2785 671 2844 et
695 2781 878 2846 caedium
902 2780 1076 2845 condita.

186 2921 334 3006 Eleganti
363 2940 437 2987 sane
466 2925 595 2986 senatus
625 2924 769 2987 consulto
800 2942 836 2988 eo
865 2925 934 3004 ipso
957 2923 1038 2996 loco,
1063 2921 1118 2985 ubi
1142 2921 1290 2984 funereus

142 3028 303 3092 tumultus
331 3028 386 3093 ille
415 3029 606 3094 commissus
636 3033 694 3104 est,
719 3029 774 3094 ubi
802 3031 853 3094 tot
879 3031 965 3094 ciues
995 3028 1112 3093 ordinis
1137 3025 1292 3108 cuiusque

143 3135 336 3212 oeciderunt,
356 3134 448 3199 aedes
474 3133 665 3200 Concordiae
688 3135 771 3199 facta
796 3139 853 3209 est,
878 3138 914 3198 ut
938 3133 1151 3200 Gracchorum
1174 3151 1292 3217 poenae

102 3269 123 3308 n
141 3241 238 3306 testis
262 3241 512 3306 contionantium
536 3241 645 3306 oculos
668 3241 775 3306 feriret
798 3242 1044 3324 memoriamque
1069 3242 1292 3324 conpungeret.

143 3348 206 3414 Sed
221 3350 281 3412 hoo
298 3349 373 3431 quid
391 3349 475 3413 aliud
496 3347 558 3412 luit
577 3369 671 3430 quam
690 3347 798 3414 inrisio
818 3349 958 3425 deorum,
974 3349 1022 3412 illi
1043 3348 1118 3412 deae
1137 3348 1292 3430 templum

144 3459 337 3532 construere,
359 3473 438 3538 quae
462 3456 489 3519 si
514 3459 600 3519 esset
622 3455 653 3520 in
678 3455 819 3526 ciuitate,
839 3475 900 3521 non
924 3457 1021 3520 tantis
1042 3454 1292 3519 dissensionibus

145 3562 316 3626 dilacerata
340 3565 524 3627 conrueret?
562 3563 632 3627 Nisi
656 3564 737 3627 forte
762 3562 890 3628 sceleris
915 3563 1010 3627 hunius
1033 3581 1087 3626 rea
1111 3560 1293 3638 Concordia,

145 3670 219 3751 quia
247 3669 430 3734 deseruerat
458 3670 580 3735 animos
605 3671 733 3748 ciuium,
758 3671 874 3734 meruit
897 3671 928 3733 in
952 3669 1007 3734 illa
1032 3669 1108 3734 aede
1131 3673 1292 3748 tamquam

104 3776 175 3840 uin
210 3795 332 3840 carcere
365 3776 495 3842 includi.
543 3774 632 3855 Quur
664 3777 757 3854 enim,
791 3777 819 3841 si
855 3777 949 3842 rebus
987 3776 1087 3859 gestis
1125 3791 1294 3858 congruere

182 3969 194 4020 l
215 3969 270 4022 iam
288 3968 367 4022 codd.
383 3974 496 4037 praeter
513 3984 544 4036 q,·
563 3969 601 4021 eis
621 3969 674 4022 iam
694 3985 724 4036 q;
741 3972 798 4022 tam
816 3983 832 4022 o
906 3970 922 4021 2
942 3967 1093 4022 conbellere
1113 3969 1135 4019 n
1221 3963 1292 4033 peri·

147 4056 315 4112 culosissimo
338 4057 370 4112 0¹
436 4059 625 4128 3ipeareso
688 4054 1060 4124 8L.de;luciusdeo
1129 4055 1162 4108 10
1180 4053 1294 4106 habere-

148 4149 228 4219 etiam
250 4149 288 4214 0,·
305 4147 419 4202 haberet
437 4147 559 4200 etiarnd
632 4148 662 4200 ll
685 4135 999 4201 l11³omaeomilian
1065 4145 1096 4198 13
1116 4141 1239 4213 turpidus
1259 4141 1293 4194 ΑΙ

150 4237 179 4290 17
198 4236 422 4307 bl.AOp;om.
442 4235 600 4302 d;hlarcus
620 4235 714 4290 nella
803 4235 948 4288 fulbiusd
1040 4234 1074 4287 24
1093 4229 1294 4296 concordiae‚e

148 4327 269 4392 eras.',d
324 4328 358 4380 25
378 4326 581 4380 contionantem
600 4325 660 4379 ΔΟ
712 4327 745 4379 27
766 4325 799 4378 de
819 4323 976 4378 ciuitateG
