3164 4932
275 469 340 534 644
623 467 649 520 S.
677 465 832 518 Aurelii
860 463 1077 534 Augustini

276 660 419 725 seruiens
456 679 517 724 non
554 658 725 740 incongrue
762 656 907 735 carnalis,
939 656 985 721 ita
1017 675 1088 722 earo
1122 657 1249 741 spiritui
1282 657 1427 722 seruiens

275 769 360 832 reete
384 765 597 849 appellabitur
619 764 782 849 spiritalis,
808 782 867 828 non
892 763 967 846 quia
989 765 1021 827 in
1046 763 1194 846 spiritum
1214 767 1427 842 concertetur,

276 874 362 939 sicut
388 871 531 937 nonnulli
559 872 673 954 putant
695 891 731 935 ex
754 889 791 936 eo
816 869 898 954 quod
925 869 1166 953 scriptumest:
1191 869 1430 936 Seminatur

276 999 423 1063 eorpus
457 978 642 1055 animale,
675 981 818 1062 surget
850 995 997 1061 eorpus
1031 977 1237 1062 spiritale,
1267 977 1324 1042 sed
1352 977 1430 1060 quia

277 1087 404 1170 spiritui
437 1103 561 1150 summa
594 1087 626 1148 et
658 1082 795 1148 mirabili
825 1083 1062 1166 obtemperandi
1088 1083 1243 1149 facilitate
1272 1084 1430 1150 subdetur
1461 1107 1476 1148 s

275 1211 378 1275 usque
402 1191 441 1256 ad
464 1190 644 1275 inplendum
667 1189 905 1254 inmortalitatis
929 1189 1163 1256 indissolubilis
1188 1191 1427 1256 securissimam

275 1300 484 1378 uoluntatem,
505 1297 589 1363 omni
608 1297 773 1362 molestiae
793 1315 900 1374 seusu,
921 1297 1005 1361 omni
1029 1297 1295 1382 corruptibilitate
1313 1303 1347 1363 ct
1364 1302 1428 1363 tar·

278 1408 376 1472 ditate
405 1404 554 1471 detracta.
597 1403 667 1470 Nou
696 1405 799 1469 solum
831 1403 912 1467 enim
942 1423 1004 1469 non
1033 1404 1093 1469 erit
1121 1406 1194 1482 tale,
1223 1405 1315 1487 quale
1344 1425 1429 1470 nunc

278 1517 328 1579 est
355 1513 387 1577 in
416 1511 529 1595 quauis
558 1511 678 1594 optima
704 1510 896 1588 ualetudine,
922 1510 979 1574 sed
1001 1529 1060 1575 nec
1082 1511 1146 1577 tale
1170 1511 1309 1594 quidem,
1333 1513 1429 1594 quale

279 1621 339 1687 luit
370 1621 401 1684 in
434 1619 546 1701 primis
578 1617 760 1682 hominibus
788 1620 860 1682 ante
887 1621 1066 1699 peceatum,
1096 1617 1149 1700 qui
1177 1619 1255 1683 licet
1280 1619 1430 1684 morituri
1451 1633 1476 1674 ¹⁰
1569 1694 1570 1721 ¹

277 1747 339 1793 nou
368 1729 484 1804 esseut,
512 1725 575 1790 uisi
597 1728 795 1807 peccassent,
819 1724 978 1789 alimentis
1001 1727 1106 1790 tamen
1130 1728 1168 1790 ut
1189 1725 1335 1791 homiues
1358 1730 1429 1790 ute-

277 1835 403 1912 bantur,
427 1832 565 1898 noudum
590 1831 757 1914 spiritalia,
782 1830 838 1895 sed
862 1831 966 1895 adhue
989 1831 1138 1896 animalia
1156 1849 1287 1914 corpora
1303 1835 1430 1896 tenena

278 1943 451 2025 gestantes.
491 1936 578 2018 Quae
605 1938 682 2003 licet
709 1937 796 2002 senio
825 1956 886 2002 non
911 1939 1153 2016 ueterescerent,
1177 1940 1215 2002 ut
1237 1938 1429 2003 necessitate

277 2045 524 2130 perducerentur
547 2045 586 2110 ad
608 2048 743 2110 mortem
762 2044 828 2126 (qui
854 2047 958 2109 status
982 2044 1027 2108 eis
1052 2045 1090 2108 de
1112 2044 1200 2129 ligno
1224 2044 1320 2122 uitae,
1342 2045 1428 2127 quod

278 2154 309 2217 iu
334 2152 437 2217 medio
461 2150 606 2234 paradiso
631 2169 703 2216 cum
728 2151 837 2215 arbore
860 2150 962 2215 uetita
985 2151 1082 2215 simul
1107 2153 1182 2227 erat,
1205 2151 1344 2216 mirabili
1368 2152 1429 2216 Dei
1447 2165 1475 2207 1⁵
1569 2185 1570 2247 3

278 2259 381 2343 gratia
413 2257 657 2342 praestabatur),
685 2261 792 2321 tamen
825 2261 856 2321 et
884 2257 964 2321 alios
993 2258 1161 2322 sumebant
1188 2257 1275 2323 cibos
1303 2263 1430 2340 praeter

279 2385 372 2430 unam
411 2367 564 2443 arborem,
598 2383 677 2447 quae
711 2363 815 2428 fuerat
845 2363 1024 2440 interdicta,
1058 2382 1118 2428 nou
1152 2363 1226 2446 quia
1257 2365 1328 2446 ipsa
1361 2371 1429 2430 erat

278 2474 410 2550 malum,
440 2471 496 2536 sed
519 2475 647 2555 propter
670 2469 953 2535 commendandum
977 2489 1075 2553 purae
1099 2474 1132 2535 et
1155 2471 1310 2554 simplicis
1336 2473 1429 2537 oboe-

280 2579 416 2644 dientiae
448 2578 576 2654 bonum,
610 2595 689 2658 quae
722 2596 835 2660 magna
867 2576 971 2640 uirtus
1000 2581 1050 2641 est
1075 2577 1238 2642 rationalis
1267 2582 1428 2644 creaturae

279 2687 339 2751 sub
369 2685 515 2751 Creatore
543 2684 678 2749 Domino
712 2683 915 2748 constitutae.
957 2681 1039 2748 Nam
1071 2683 1127 2748 ubi
1154 2685 1278 2749 nullum
1306 2688 1427 2750 malum
1445 2701 1472 2738 ²⁰

278 2792 477 2875 tangebatur,
510 2791 661 2875 profecto,
696 2790 724 2856 si
756 2790 952 2872 prohibitum
983 2793 1176 2875 tangeretur,
1205 2791 1273 2858 sola
1300 2791 1428 2859 inoboe-

279 2898 399 2963 dientia
430 2897 631 2979 peccabatur.
672 2896 836 2980 Agebatur
868 2916 941 2981 ergo
971 2897 1043 2962 aliis
1073 2917 1153 2979 quae
1181 2899 1360 2977 sumebant,
1389 2921 1427 2964 ne

279 3003 426 3069 animalia
444 3022 575 3086 corpora
592 3003 758 3068 molestiae
778 3003 897 3085 aliquid
921 3003 1086 3068 esuriendo
1111 3023 1147 3069 ac
1171 3004 1307 3096 sitiendo
1332 3008 1429 3072 seuti-

279 3115 363 3186 rent;
388 3110 426 3175 de
450 3110 538 3194 ligno
563 3112 669 3174 autem
693 3111 780 3174 uitae
802 3114 969 3194 propterea
992 3111 1190 3194 gustabatur,
1214 3131 1253 3176 ne
1276 3132 1362 3177 mors
1381 3115 1427 3178 eis

278 3217 500 3300 undecumque
528 3216 712 3300 subreperet
739 3218 792 3281 uel
820 3220 983 3282 senectute
1012 3217 1157 3283 confecta
1183 3217 1326 3284 decursis
1350 3225 1427 3286 tem·
1444 3231 1470 3270 2⁵

279 3343 392 3407 porum
430 3323 542 3408 spatiis
580 3323 758 3398 interirent3
795 3326 958 3405 tamquam
992 3329 1096 3388 cetera
1128 3329 1234 3389 essent
1265 3327 1426 3404 alimento,

279 3431 360 3496 illud
393 3434 604 3506 sacramentm
639 3433 675 3494 ut
707 3430 753 3495 sie
786 3431 886 3494 fuisse
918 3431 1092 3514 accipiatur
1122 3433 1244 3516 lignum
1277 3434 1364 3497 uitae
1395 3435 1425 3497 in

279 3536 423 3620 paradiso
462 3537 627 3620 corporali,
666 3537 750 3602 sicut
785 3537 817 3600 in
856 3536 1001 3618 spiritali,
1038 3537 1099 3602 hoe
1131 3541 1182 3604 est
1212 3539 1425 3624 intellegibili,

368 3762 384 3816 3
405 3765 429 3818 1.
450 3761 510 3817 Cor.
532 3763 573 3828 15,
592 3763 628 3816 44

315 3921 332 3973 4
351 3936 447 3990 corpus
467 3937 517 3974 om.
533 3937 555 3990 p
628 3923 722 3990 surget
744 3920 859 3986 Vota·
878 3921 966 3990 surgit
980 3925 1076 3989 paf5
1094 3924 1218 3990 resurget
1237 3921 1270 3976 lu
1331 3925 1348 3977 5
1366 3922 1426 3976 seli·

280 4009 365 4062 citate
380 4009 424 4062 ab
479 4011 495 4063 6
515 4008 671 4078 inplendum
690 4009 768 4063 codd.
782 4015 892 4078 eccepto
907 4009 931 4072 b,
945 4010 977 4063 in
995 4026 1049 4077 quo
1067 4009 1189 4079 plausum
1208 4027 1289 4066 ome
1344 4012 1359 4064 7
1378 4028 1424 4066 uo-

279 4098 413 4152 luntatem
434 4113 495 4152 mss.
514 4115 543 4164 o;
563 4097 731 4167 uoluptatem
750 4096 849 4152 Domb.
912 4099 944 4151 13
964 4101 992 4151 et
1010 4098 1116 4152 seuiol
1187 4115 1239 4152 nou
1258 4115 1317 4167 sup.
1338 4099 1387 4154 lisa
1406 4115 1425 4151 c

280 4189 482 4240 uetereseerent
494 4201 554 4240 ores.
566 4191 679 4254 praeter
695 4203 726 4252 α,·
741 4186 941 4240 deterescereut
953 4203 983 4254 o;
997 4189 1250 4240 conuetarascerent
1264 4203 1283 4240 a
1335 4188 1366 4242 16
1380 4204 1423 4240 su·

282 4273 375 4327 ruebat
398 4273 424 4326 V
493 4275 529 4327 22
548 4274 681 4343 agebatur
704 4273 752 4328 Vb
764 4275 800 4343 lp
812 4278 862 4338 uf
877 4275 993 4338 Domb.,·
1011 4275 1154 4330 alebantur
1171 4291 1237 4329 cce
1312 4292 1346 4330 ne
1364 4291 1422 4344 sup.

281 4361 379 4416 limV
432 4362 467 4414 23
484 4362 512 4415 in
533 4362 690 4416 animalial
