<?xml version="1.0" encoding="UTF-8"?>
<!DOCTYPE html PUBLIC "-//W3C//DTD XHTML 1.0 Transitional//EN"
    "http://www.w3.org/TR/xhtml1/DTD/xhtml1-transitional.dtd">
<html xmlns="http://www.w3.org/1999/xhtml" xml:lang="en" lang="en">
 <head>
  <title>
</title>
<meta http-equiv="Content-Type" content="text/html;charset=utf-8" />
  <meta name='ocr-system' content='tesseract 3.04.00' />
  <meta name='ocr-capabilities' content='ocr_page ocr_carea ocr_par ocr_line ocrx_word'/>
</head>
<body>
  <div class='ocr_page' id='page_1' title='image "./corpusscriptoru20wiengoog_0585.png"; bbox 0 0 3136 4928; ppageno 0'>
   <div class='ocr_carea' id='block_1_1' title="bbox 632 397 1093 468">
    <p class='ocr_par' dir='ltr' id='par_1_1' title="bbox 632 397 1093 468">
     <span class='ocr_line' id='line_1_1' title="bbox 632 397 1093 468; baseline 0.011 -16"><span class='ocrx_word' id='word_1_1' title='bbox 632 400 659 452; x_wconf 89' lang='lat' dir='ltr'><strong>S.</strong></span> <span class='ocrx_word' id='word_1_2' title='bbox 688 397 844 452; x_wconf 83' lang='lat' dir='ltr'>Aurelii</span> <span class='ocrx_word' id='word_1_3' title='bbox 872 398 1093 468; x_wconf 84' lang='lat' dir='ltr'><strong>Augustini</strong></span> 
     </span>
    </p>
   </div>
   <div class='ocr_carea' id='block_1_2' title="bbox 707 591 1017 660">
    <p class='ocr_par' dir='ltr' id='par_1_2' title="bbox 707 591 1017 660">
     <span class='ocr_line' id='line_1_2' title="bbox 707 591 1017 660; baseline 0.006 -2"><span class='ocrx_word' id='word_1_4' title='bbox 707 591 846 660; x_wconf 79' lang='lat' dir='ltr'>CAPUT</span> <span class='ocrx_word' id='word_1_5' title='bbox 868 593 1017 660; x_wconf 85' lang='lat' dir='ltr'>XXVIII.</span> 
     </span>
    </p>
   </div>
   <div class='ocr_carea' id='block_1_3' title="bbox 286 733 1438 1032">
    <p class='ocr_par' dir='ltr' id='par_1_3' title="bbox 286 733 1438 1032">
     <span class='ocr_line' id='line_1_3' title="bbox 286 733 1438 818; baseline -0.001 -19"><span class='ocrx_word' id='word_1_6' title='bbox 286 735 341 799; x_wconf 80' lang='lat' dir='ltr'><strong>Au</strong></span> <span class='ocrx_word' id='word_1_7' title='bbox 367 733 488 798; x_wconf 91' lang='lat' dir='ltr'><strong>etiam</strong></span> <span class='ocrx_word' id='word_1_8' title='bbox 513 735 644 816; x_wconf 92' lang='lat' dir='ltr'><strong>ipsum</strong></span> <span class='ocrx_word' id='word_1_9' title='bbox 669 753 851 816; x_wconf 87' lang='lat' dir='ltr'><strong>umorem,</strong></span> <span class='ocrx_word' id='word_1_10' title='bbox 877 752 952 818; x_wconf 90' lang='lat' dir='ltr'><strong>quo</strong></span> <span class='ocrx_word' id='word_1_11' title='bbox 978 737 1016 799; x_wconf 90' lang='lat' dir='ltr'><strong>et</strong></span> <span class='ocrx_word' id='word_1_12' title='bbox 1039 753 1129 800; x_wconf 86' lang='lat' dir='ltr'><strong>esse</strong></span> <span class='ocrx_word' id='word_1_13' title='bbox 1153 739 1193 800; x_wconf 90' lang='lat' dir='ltr'><strong>et</strong></span> <span class='ocrx_word' id='word_1_14' title='bbox 1215 735 1325 800; x_wconf 86' lang='lat' dir='ltr'><strong>seire</strong></span> <span class='ocrx_word' id='word_1_15' title='bbox 1351 733 1438 800; x_wconf 91' lang='lat' dir='ltr'><strong>dili·</strong></span> 
     </span>
     <span class='ocr_line' id='line_1_4' title="bbox 345 840 1387 926; baseline 0 -20"><span class='ocrx_word' id='word_1_16' title='bbox 345 842 488 926; x_wconf 85' lang='lat' dir='ltr'><strong>gimus,</strong></span> <span class='ocrx_word' id='word_1_17' title='bbox 513 840 690 924; x_wconf 87' lang='lat' dir='ltr'><strong>diligere</strong></span> <span class='ocrx_word' id='word_1_18' title='bbox 715 841 941 918; x_wconf 81' lang='lat' dir='ltr'>debeamus,</span> <span class='ocrx_word' id='word_1_19' title='bbox 967 859 1041 923; x_wconf 90' lang='lat' dir='ltr'><strong>quo</strong></span> <span class='ocrx_word' id='word_1_20' title='bbox 1065 843 1194 926; x_wconf 87' lang='lat' dir='ltr'><strong>magis</strong></span> <span class='ocrx_word' id='word_1_21' title='bbox 1219 841 1387 907; x_wconf 89' lang='lat' dir='ltr'><strong>diuinae</strong></span> 
     </span>
     <span class='ocr_line' id='line_1_5' title="bbox 480 947 1240 1032; baseline -0.001 -19"><span class='ocrx_word' id='word_1_22' title='bbox 480 947 690 1013; x_wconf 80' lang='lat' dir='ltr'><strong>trinitatis</strong></span> <span class='ocrx_word' id='word_1_23' title='bbox 715 947 885 1032; x_wconf 83' lang='lat' dir='ltr'><strong>imagini</strong></span> <span class='ocrx_word' id='word_1_24' title='bbox 908 947 1240 1031; x_wconf 80' lang='lat' dir='ltr'><strong>propinquemus.</strong></span> 
     </span>
    </p>
   </div>
   <div class='ocr_carea' id='block_1_4' title="bbox 285 1087 1553 3944">
    <p class='ocr_par' dir='ltr' id='par_1_4' title="bbox 285 1087 1553 4106">
     <span class='ocr_line' id='line_1_6' title="bbox 333 1087 1476 1173; baseline -0.001 -18"><span class='ocrx_word' id='word_1_25' title='bbox 333 1087 395 1155; x_wconf 88' lang='lat' dir='ltr'><strong>Sed</strong></span> <span class='ocrx_word' id='word_1_26' title='bbox 428 1089 465 1154; x_wconf 92' lang='lat' dir='ltr'><strong>de</strong></span> <span class='ocrx_word' id='word_1_27' title='bbox 499 1088 623 1154; x_wconf 89' lang='lat' dir='ltr'><strong>duobus</strong></span> <span class='ocrx_word' id='word_1_28' title='bbox 651 1089 728 1167; x_wconf 90' lang='lat' dir='ltr'><strong>illis,</strong></span> <span class='ocrx_word' id='word_1_29' title='bbox 758 1089 895 1154; x_wconf 82' lang='lat' dir='ltr'><strong>essentia</strong></span> <span class='ocrx_word' id='word_1_30' title='bbox 923 1090 1046 1155; x_wconf 83' lang='lat' dir='ltr'><strong>seilicet</strong></span> <span class='ocrx_word' id='word_1_31' title='bbox 1074 1094 1106 1156; x_wconf 88' lang='lat' dir='ltr'><strong>et</strong></span> <span class='ocrx_word' id='word_1_32' title='bbox 1133 1091 1256 1163; x_wconf 87' lang='lat' dir='ltr'><strong>notitia,</strong></span> <span class='ocrx_word' id='word_1_33' title='bbox 1286 1093 1439 1173; x_wconf 87' lang='lat' dir='ltr'><strong>quantum</strong></span> <span class='ocrx_word' id='word_1_34' title='bbox 1466 1109 1476 1144; x_wconf 78' lang='lat'><strong>⁵</strong></span> 
     </span>
     <span class='ocr_line' id='line_1_7' title="bbox 288 1195 1439 1278; baseline 0.002 -18"><span class='ocrx_word' id='word_1_35' title='bbox 288 1199 432 1260; x_wconf 87' lang='lat' dir='ltr'><strong>amentur</strong></span> <span class='ocrx_word' id='word_1_36' title='bbox 454 1196 487 1259; x_wconf 92' lang='lat' dir='ltr'><strong>iu</strong></span> <span class='ocrx_word' id='word_1_37' title='bbox 511 1195 612 1274; x_wconf 88' lang='lat' dir='ltr'><strong>uobis,</strong></span> <span class='ocrx_word' id='word_1_38' title='bbox 638 1199 670 1260; x_wconf 87' lang='lat' dir='ltr'><strong>et</strong></span> <span class='ocrx_word' id='word_1_39' title='bbox 693 1215 787 1278; x_wconf 89' lang='lat' dir='ltr'><strong>quem</strong></span> <span class='ocrx_word' id='word_1_40' title='bbox 811 1195 850 1260; x_wconf 91' lang='lat' dir='ltr'><strong>ad</strong></span> <span class='ocrx_word' id='word_1_41' title='bbox 873 1197 1004 1263; x_wconf 88' lang='lat' dir='ltr'><strong>modum</strong></span> <span class='ocrx_word' id='word_1_42' title='bbox 1027 1197 1124 1262; x_wconf 89' lang='lat' dir='ltr'><strong>etiam</strong></span> <span class='ocrx_word' id='word_1_43' title='bbox 1148 1199 1179 1262; x_wconf 93' lang='lat' dir='ltr'><strong>in</strong></span> <span class='ocrx_word' id='word_1_44' title='bbox 1199 1198 1315 1264; x_wconf 89' lang='lat' dir='ltr'><strong>oeteris</strong></span> <span class='ocrx_word' id='word_1_45' title='bbox 1334 1199 1439 1274; x_wconf 80' lang='lat' dir='ltr'><strong>rebus,</strong></span> 
     </span>
     <span class='ocr_line' id='line_1_8' title="bbox 288 1301 1439 1386; baseline 0.002 -20"><span class='ocrx_word' id='word_1_46' title='bbox 288 1322 369 1386; x_wconf 87' lang='lat' dir='ltr'><strong>quae</strong></span> <span class='ocrx_word' id='word_1_47' title='bbox 405 1301 487 1366; x_wconf 85' lang='lat' dir='ltr'><strong>inira</strong></span> <span class='ocrx_word' id='word_1_48' title='bbox 524 1305 607 1383; x_wconf 88' lang='lat' dir='ltr'><strong>suut,</strong></span> <span class='ocrx_word' id='word_1_49' title='bbox 640 1322 749 1368; x_wconf 88' lang='lat' dir='ltr'><strong>eorum</strong></span> <span class='ocrx_word' id='word_1_50' title='bbox 781 1304 966 1386; x_wconf 84' lang='lat' dir='ltr'><strong>reperiatur,</strong></span> <span class='ocrx_word' id='word_1_51' title='bbox 1000 1304 1062 1368; x_wconf 87' lang='lat' dir='ltr'><strong>etsi</strong></span> <span class='ocrx_word' id='word_1_52' title='bbox 1094 1303 1250 1382; x_wconf 85' lang='lat' dir='ltr'><strong>differens,</strong></span> <span class='ocrx_word' id='word_1_53' title='bbox 1283 1304 1439 1386; x_wconf 88' lang='lat' dir='ltr'><strong>quaedam</strong></span> 
     </span>
     <span class='ocr_line' id='line_1_9' title="bbox 286 1407 1440 1494; baseline 0.002 -22"><span class='ocrx_word' id='word_1_54' title='bbox 286 1414 392 1474; x_wconf 86' lang='lat' dir='ltr'><strong>temen</strong></span> <span class='ocrx_word' id='word_1_55' title='bbox 427 1407 615 1483; x_wconf 82' lang='lat' dir='ltr'><strong>similitudo,</strong></span> <span class='ocrx_word' id='word_1_56' title='bbox 649 1414 804 1492; x_wconf 88' lang='lat' dir='ltr'><strong>quantum</strong></span> <span class='ocrx_word' id='word_1_57' title='bbox 833 1411 974 1492; x_wconf 85' lang='lat' dir='ltr'><strong>suseepti</strong></span> <span class='ocrx_word' id='word_1_58' title='bbox 1001 1411 1098 1476; x_wconf 90' lang='lat' dir='ltr'><strong>huius</strong></span> <span class='ocrx_word' id='word_1_59' title='bbox 1128 1412 1232 1494; x_wconf 89' lang='lat' dir='ltr'><strong>operis</strong></span> <span class='ocrx_word' id='word_1_60' title='bbox 1260 1412 1342 1477; x_wconf 89' lang='lat' dir='ltr'><strong>ratio</strong></span> <span class='ocrx_word' id='word_1_61' title='bbox 1371 1413 1440 1477; x_wconf 88' lang='lat' dir='ltr'><strong>uisu</strong></span> 
     </span>
     <span class='ocr_line' id='line_1_10' title="bbox 288 1515 1439 1600; baseline 0 -20"><span class='ocrx_word' id='word_1_62' title='bbox 288 1520 337 1580; x_wconf 90' lang='lat' dir='ltr'><strong>est</strong></span> <span class='ocrx_word' id='word_1_63' title='bbox 364 1515 537 1598; x_wconf 82' lang='lat' dir='ltr'><strong>postulare,</strong></span> <span class='ocrx_word' id='word_1_64' title='bbox 567 1518 645 1581; x_wconf 86' lang='lat' dir='ltr'><strong>sutis</strong></span> <span class='ocrx_word' id='word_1_65' title='bbox 674 1515 827 1593; x_wconf 81' lang='lat' dir='ltr'><strong>diximus3</strong></span> <span class='ocrx_word' id='word_1_66' title='bbox 857 1517 894 1581; x_wconf 93' lang='lat' dir='ltr'><strong>de</strong></span> <span class='ocrx_word' id='word_1_67' title='bbox 924 1535 1029 1581; x_wconf 90' lang='lat' dir='ltr'><strong>amore</strong></span> <span class='ocrx_word' id='word_1_68' title='bbox 1054 1519 1171 1596; x_wconf 89' lang='lat' dir='ltr'><strong>autem,</strong></span> <span class='ocrx_word' id='word_1_69' title='bbox 1197 1535 1259 1600; x_wconf 92' lang='lat' dir='ltr'><strong>quo</strong></span> <span class='ocrx_word' id='word_1_70' title='bbox 1284 1521 1439 1592; x_wconf 76' lang='lat' dir='ltr'><strong>emautur,</strong></span> 
     </span>
     <span class='ocr_line' id='line_1_11' title="bbox 286 1621 1476 1704; baseline 0.002 -18"><span class='ocrx_word' id='word_1_71' title='bbox 286 1626 395 1687; x_wconf 88' lang='lat' dir='ltr'><strong>utrum</strong></span> <span class='ocrx_word' id='word_1_72' title='bbox 419 1621 541 1704; x_wconf 90' lang='lat' dir='ltr'><strong>etipse</strong></span> <span class='ocrx_word' id='word_1_73' title='bbox 566 1641 654 1687; x_wconf 90' lang='lat' dir='ltr'><strong>amor·</strong></span> <span class='ocrx_word' id='word_1_74' title='bbox 677 1627 810 1700; x_wconf 85' lang='lat' dir='ltr'><strong>ametur,</strong></span> <span class='ocrx_word' id='word_1_75' title='bbox 835 1643 896 1688; x_wconf 91' lang='lat' dir='ltr'><strong>nou</strong></span> <span class='ocrx_word' id='word_1_76' title='bbox 921 1622 1043 1688; x_wconf 88' lang='lat' dir='ltr'><strong>dietum</strong></span> <span class='ocrx_word' id='word_1_77' title='bbox 1067 1627 1126 1688; x_wconf 89' lang='lat' dir='ltr'><strong>est.</strong></span> <span class='ocrx_word' id='word_1_78' title='bbox 1158 1624 1294 1688; x_wconf 82' lang='lat' dir='ltr'><strong>Amatur</strong></span> <span class='ocrx_word' id='word_1_79' title='bbox 1317 1628 1476 1697; x_wconf 75' lang='lat' dir='ltr'><strong>artemo</strong></span> 
     </span>
     <span class='ocr_line' id='line_1_12' title="bbox 288 1727 1437 1812; baseline 0.001 -19"><span class='ocrx_word' id='word_1_80' title='bbox 288 1733 320 1794; x_wconf 92' lang='lat' dir='ltr'><strong>et</strong></span> <span class='ocrx_word' id='word_1_81' title='bbox 346 1727 419 1794; x_wconf 89' lang='lat' dir='ltr'><strong>hino</strong></span> <span class='ocrx_word' id='word_1_82' title='bbox 446 1729 628 1812; x_wconf 82' lang='lat' dir='ltr'><strong>probamus,</strong></span> <span class='ocrx_word' id='word_1_83' title='bbox 657 1731 741 1812; x_wconf 93' lang='lat' dir='ltr'><strong>quod</strong></span> <span class='ocrx_word' id='word_1_84' title='bbox 769 1730 802 1794; x_wconf 93' lang='lat' dir='ltr'><strong>iu</strong></span> <span class='ocrx_word' id='word_1_85' title='bbox 831 1729 1025 1808; x_wconf 85' lang='lat' dir='ltr'><strong>hominibus,</strong></span> <span class='ocrx_word' id='word_1_86' title='bbox 1054 1731 1109 1812; x_wconf 91' lang='lat' dir='ltr'><strong>qui</strong></span> <span class='ocrx_word' id='word_1_87' title='bbox 1137 1731 1256 1796; x_wconf 86' lang='lat' dir='ltr'><strong>rectius</strong></span> <span class='ocrx_word' id='word_1_88' title='bbox 1285 1735 1437 1806; x_wconf 78' lang='lat' dir='ltr'><strong>amantur,</strong></span> 
     </span>
     <span class='ocr_line' id='line_1_13' title="bbox 285 1835 1438 1930; baseline 0.002 -30"><span class='ocrx_word' id='word_1_89' title='bbox 285 1837 354 1918; x_wconf 89' lang='lat' dir='ltr'><strong>ipse</strong></span> <span class='ocrx_word' id='word_1_90' title='bbox 377 1837 636 1930; x_wconf 21' lang='lat' dir='ltr'><strong>magislamatur.</strong></span> <span class='ocrx_word' id='word_1_91' title='bbox 666 1835 778 1918; x_wconf 85' lang='lat' dir='ltr'><strong>Neque</strong></span> <span class='ocrx_word' id='word_1_92' title='bbox 802 1837 885 1902; x_wconf 91' lang='lat' dir='ltr'><strong>enim</strong></span> <span class='ocrx_word' id='word_1_93' title='bbox 909 1837 959 1901; x_wconf 92' lang='lat' dir='ltr'><strong>uir</strong></span> <span class='ocrx_word' id='word_1_94' title='bbox 981 1839 1083 1902; x_wconf 90' lang='lat' dir='ltr'><strong>bonus</strong></span> <span class='ocrx_word' id='word_1_95' title='bbox 1107 1837 1220 1902; x_wconf 85' lang='lat' dir='ltr'><strong>merito</strong></span> <span class='ocrx_word' id='word_1_96' title='bbox 1245 1837 1365 1902; x_wconf 87' lang='lat' dir='ltr'><strong>dieitur</strong></span> <span class='ocrx_word' id='word_1_97' title='bbox 1388 1839 1438 1920; x_wconf 91' lang='lat' dir='ltr'><strong>qui</strong></span> 
     </span>
     <span class='ocr_line' id='line_1_14' title="bbox 286 1939 1437 2027; baseline -0.003 -19"><span class='ocrx_word' id='word_1_98' title='bbox 286 1944 347 2008; x_wconf 86' lang='lat' dir='ltr'><strong>soit</strong></span> <span class='ocrx_word' id='word_1_99' title='bbox 375 1943 459 2024; x_wconf 92' lang='lat' dir='ltr'><strong>quod</strong></span> <span class='ocrx_word' id='word_1_100' title='bbox 485 1939 605 2007; x_wconf 89' lang='lat' dir='ltr'><strong>bonurn</strong></span> <span class='ocrx_word' id='word_1_101' title='bbox 629 1946 688 2019; x_wconf 84' lang='lat' dir='ltr'><strong>est,</strong></span> <span class='ocrx_word' id='word_1_102' title='bbox 713 1943 769 2006; x_wconf 91' lang='lat' dir='ltr'><strong>sed</strong></span> <span class='ocrx_word' id='word_1_103' title='bbox 794 1943 848 2024; x_wconf 93' lang='lat' dir='ltr'><strong>qui</strong></span> <span class='ocrx_word' id='word_1_104' title='bbox 872 1943 986 2027; x_wconf 87' lang='lat' dir='ltr'><strong>diligit</strong></span> <span class='ocrx_word' id='word_1_105' title='bbox 1024 1942 1114 2022; x_wconf 80' lang='lat' dir='ltr'><strong>Quur</strong></span> <span class='ocrx_word' id='word_1_106' title='bbox 1137 1961 1211 2026; x_wconf 86' lang='lat' dir='ltr'><strong>ergo</strong></span> <span class='ocrx_word' id='word_1_107' title='bbox 1237 1947 1270 2007; x_wconf 88' lang='lat' dir='ltr'><strong>et</strong></span> <span class='ocrx_word' id='word_1_108' title='bbox 1292 1943 1325 2006; x_wconf 92' lang='lat' dir='ltr'><strong>iu</strong></span> <span class='ocrx_word' id='word_1_109' title='bbox 1350 1943 1437 2008; x_wconf 86' lang='lat' dir='ltr'><strong>uobis</strong></span> 
     </span>
     <span class='ocr_line' id='line_1_15' title="bbox 286 2033 1438 2132; baseline 0.003 -21"><span class='ocrx_word' id='word_1_110' title='bbox 286 2048 365 2131; x_wconf 90' lang='lat' dir='ltr'><strong>ipsis</strong></span> <span class='ocrx_word' id='word_1_111' title='bbox 389 2067 450 2114; x_wconf 94' lang='lat' dir='ltr'><strong>nou</strong></span> <span class='ocrx_word' id='word_1_112' title='bbox 475 2051 507 2112; x_wconf 91' lang='lat' dir='ltr'><strong>et</strong></span> <span class='ocrx_word' id='word_1_113' title='bbox 530 2047 634 2132; x_wconf 91' lang='lat' dir='ltr'><strong>ipsum</strong></span> <span class='ocrx_word' id='word_1_114' title='bbox 660 2069 798 2114; x_wconf 89' lang='lat' dir='ltr'><strong>amorem</strong></span> <span class='ocrx_word' id='word_1_115' title='bbox 822 2070 879 2116; x_wconf 92' lang='lat' dir='ltr'><strong>uos</strong></span> <span class='ocrx_word' id='word_1_116' title='bbox 904 2033 1007 2115; x_wconf 89' lang='lat' dir='ltr'><strong>amare</strong></span> <span class='ocrx_word' id='word_1_117' title='bbox 1027 2050 1193 2125; x_wconf 77' lang='lat' dir='ltr'><strong>sentimus,</strong></span> <span class='ocrx_word' id='word_1_118' title='bbox 1214 2068 1276 2132; x_wconf 93' lang='lat' dir='ltr'><strong>quo</strong></span> <span class='ocrx_word' id='word_1_119' title='bbox 1297 2069 1438 2114; x_wconf 86' lang='lat' dir='ltr'><strong>amemus</strong></span> 
     </span>
     <span class='ocr_line' id='line_1_16' title="bbox 288 2155 1477 2238; baseline 0 -19"><span class='ocrx_word' id='word_1_120' title='bbox 288 2155 442 2238; x_wconf 91' lang='lat' dir='ltr'><strong>quidquid</strong></span> <span class='ocrx_word' id='word_1_121' title='bbox 469 2155 544 2221; x_wconf 87' lang='lat' dir='ltr'><strong>boni</strong></span> <span class='ocrx_word' id='word_1_122' title='bbox 574 2158 739 2218; x_wconf 79' lang='lat' dir='ltr'><strong>amamus?</strong></span> <span class='ocrx_word' id='word_1_123' title='bbox 778 2155 838 2218; x_wconf 80' lang='lat' dir='ltr'><strong>Est</strong></span> <span class='ocrx_word' id='word_1_124' title='bbox 866 2155 948 2218; x_wconf 88' lang='lat' dir='ltr'><strong>enirn</strong></span> <span class='ocrx_word' id='word_1_125' title='bbox 978 2159 1010 2219; x_wconf 89' lang='lat' dir='ltr'><strong>et</strong></span> <span class='ocrx_word' id='word_1_126' title='bbox 1038 2174 1134 2233; x_wconf 88' lang='lat' dir='ltr'><strong>amor,</strong></span> <span class='ocrx_word' id='word_1_127' title='bbox 1164 2175 1227 2238; x_wconf 92' lang='lat' dir='ltr'><strong>quo</strong></span> <span class='ocrx_word' id='word_1_128' title='bbox 1257 2159 1384 2221; x_wconf 87' lang='lat' dir='ltr'><strong>ametur</strong></span> <span class='ocrx_word' id='word_1_129' title='bbox 1409 2160 1439 2220; x_wconf 90' lang='lat' dir='ltr'><strong>et</strong></span> <span class='ocrx_word' id='word_1_130' title='bbox 1455 2172 1477 2213; x_wconf 77' lang='lat'><strong>1⁵</strong></span> 
     </span>
     <span class='ocr_line' id='line_1_17' title="bbox 289 2259 1440 2345; baseline -0.001 -19"><span class='ocrx_word' id='word_1_131' title='bbox 289 2259 373 2344; x_wconf 92' lang='lat' dir='ltr'><strong>quod</strong></span> <span class='ocrx_word' id='word_1_132' title='bbox 407 2261 576 2326; x_wconf 81' lang='lat' dir='ltr'><strong>amandum</strong></span> <span class='ocrx_word' id='word_1_133' title='bbox 609 2280 670 2326; x_wconf 92' lang='lat' dir='ltr'><strong>uon</strong></span> <span class='ocrx_word' id='word_1_134' title='bbox 704 2263 762 2337; x_wconf 77' lang='lat' dir='ltr'><strong>est,</strong></span> <span class='ocrx_word' id='word_1_135' title='bbox 797 2263 830 2326; x_wconf 89' lang='lat' dir='ltr'><strong>et</strong></span> <span class='ocrx_word' id='word_1_136' title='bbox 860 2261 960 2326; x_wconf 90' lang='lat' dir='ltr'><strong>istum</strong></span> <span class='ocrx_word' id='word_1_137' title='bbox 988 2280 1127 2326; x_wconf 88' lang='lat' dir='ltr'><strong>amorem</strong></span> <span class='ocrx_word' id='word_1_138' title='bbox 1156 2261 1224 2326; x_wconf 92' lang='lat' dir='ltr'><strong>odit</strong></span> <span class='ocrx_word' id='word_1_139' title='bbox 1251 2262 1283 2326; x_wconf 94' lang='lat' dir='ltr'><strong>iu</strong></span> <span class='ocrx_word' id='word_1_140' title='bbox 1312 2281 1359 2338; x_wconf 85' lang='lat' dir='ltr'><strong>se,</strong></span> <span class='ocrx_word' id='word_1_141' title='bbox 1388 2263 1440 2345; x_wconf 91' lang='lat' dir='ltr'><strong>qui</strong></span> 
     </span>
     <span class='ocr_line' id='line_1_18' title="bbox 287 2366 1440 2458; baseline 0 -26"><span class='ocrx_word' id='word_1_142' title='bbox 287 2369 379 2433; x_wconf 91' lang='lat' dir='ltr'><strong>illum</strong></span> <span class='ocrx_word' id='word_1_143' title='bbox 416 2367 532 2452; x_wconf 77' lang='lat' dir='ltr'><strong>diligit,</strong></span> <span class='ocrx_word' id='word_1_144' title='bbox 567 2387 628 2450; x_wconf 89' lang='lat' dir='ltr'><strong>quo</strong></span> <span class='ocrx_word' id='word_1_145' title='bbox 659 2367 693 2431; x_wconf 93' lang='lat' dir='ltr'><strong>id</strong></span> <span class='ocrx_word' id='word_1_146' title='bbox 726 2371 851 2431; x_wconf 88' lang='lat' dir='ltr'><strong>amatur</strong></span> <span class='ocrx_word' id='word_1_147' title='bbox 883 2366 967 2458; x_wconf 90' lang='lat' dir='ltr'><strong>quod</strong></span> <span class='ocrx_word' id='word_1_148' title='bbox 1000 2367 1167 2433; x_wconf 86' lang='lat' dir='ltr'><strong>amandum</strong></span> <span class='ocrx_word' id='word_1_149' title='bbox 1199 2372 1258 2434; x_wconf 91' lang='lat' dir='ltr'><strong>est.</strong></span> <span class='ocrx_word' id='word_1_150' title='bbox 1301 2369 1440 2435; x_wconf 86' lang='lat' dir='ltr'><strong>Possunt</strong></span> 
     </span>
     <span class='ocr_line' id='line_1_19' title="bbox 288 2473 1439 2552; baseline -0.001 -12"><span class='ocrx_word' id='word_1_151' title='bbox 288 2476 371 2540; x_wconf 87' lang='lat' dir='ltr'><strong>eninr</strong></span> <span class='ocrx_word' id='word_1_152' title='bbox 404 2476 497 2541; x_wconf 92' lang='lat' dir='ltr'><strong>ambo</strong></span> <span class='ocrx_word' id='word_1_153' title='bbox 527 2493 596 2539; x_wconf 90' lang='lat' dir='ltr'><strong>esse</strong></span> <span class='ocrx_word' id='word_1_154' title='bbox 623 2474 655 2538; x_wconf 90' lang='lat' dir='ltr'><strong>in</strong></span> <span class='ocrx_word' id='word_1_155' title='bbox 686 2493 745 2538; x_wconf 92' lang='lat' dir='ltr'><strong>uno</strong></span> <span class='ocrx_word' id='word_1_156' title='bbox 774 2473 910 2548; x_wconf 89' lang='lat' dir='ltr'><strong>homine,</strong></span> <span class='ocrx_word' id='word_1_157' title='bbox 939 2478 971 2538; x_wconf 91' lang='lat' dir='ltr'><strong>et</strong></span> <span class='ocrx_word' id='word_1_158' title='bbox 998 2475 1058 2539; x_wconf 89' lang='lat' dir='ltr'><strong>hoo</strong></span> <span class='ocrx_word' id='word_1_159' title='bbox 1085 2475 1204 2540; x_wconf 89' lang='lat' dir='ltr'><strong>bonum</strong></span> <span class='ocrx_word' id='word_1_160' title='bbox 1232 2477 1283 2540; x_wconf 90' lang='lat' dir='ltr'><strong>est</strong></span> <span class='ocrx_word' id='word_1_161' title='bbox 1310 2476 1439 2552; x_wconf 69' lang='lat' dir='ltr'><strong>homiut</strong></span> 
     </span>
     <span class='ocr_line' id='line_1_20' title="bbox 287 2579 1439 2665; baseline -0.002 -19"><span class='ocrx_word' id='word_1_162' title='bbox 287 2586 323 2646; x_wconf 88' lang='lat' dir='ltr'><strong>ut</strong></span> <span class='ocrx_word' id='word_1_163' title='bbox 356 2582 411 2646; x_wconf 90' lang='lat' dir='ltr'><strong>illo</strong></span> <span class='ocrx_word' id='word_1_164' title='bbox 440 2579 623 2665; x_wconf 89' lang='lat' dir='ltr'><strong>profioiente</strong></span> <span class='ocrx_word' id='word_1_165' title='bbox 652 2599 714 2663; x_wconf 92' lang='lat' dir='ltr'><strong>quo</strong></span> <span class='ocrx_word' id='word_1_166' title='bbox 742 2581 822 2644; x_wconf 90' lang='lat' dir='ltr'><strong>bene</strong></span> <span class='ocrx_word' id='word_1_167' title='bbox 847 2581 998 2658; x_wconf 82' lang='lat' dir='ltr'><strong>uiuimus,</strong></span> <span class='ocrx_word' id='word_1_168' title='bbox 1022 2581 1085 2646; x_wconf 91' lang='lat' dir='ltr'><strong>iste</strong></span> <span class='ocrx_word' id='word_1_169' title='bbox 1113 2580 1240 2646; x_wconf 84' lang='lat' dir='ltr'><strong>deficiet</strong></span> <span class='ocrx_word' id='word_1_170' title='bbox 1267 2600 1331 2664; x_wconf 91' lang='lat' dir='ltr'><strong>quo</strong></span> <span class='ocrx_word' id='word_1_171' title='bbox 1360 2583 1439 2646; x_wconf 89' lang='lat' dir='ltr'><strong>male</strong></span> 
     </span>
     <span class='ocr_line' id='line_1_21' title="bbox 288 2686 1553 2774; baseline -0.005 -20"><span class='ocrx_word' id='word_1_172' title='bbox 288 2688 440 2768; x_wconf 80' lang='lat' dir='ltr'><strong>uiuimus,</strong></span> <span class='ocrx_word' id='word_1_173' title='bbox 470 2688 568 2774; x_wconf 90' lang='lat' dir='ltr'><strong>donee</strong></span> <span class='ocrx_word' id='word_1_174' title='bbox 602 2686 641 2752; x_wconf 86' lang='lat' dir='ltr'><strong>ed</strong></span> <span class='ocrx_word' id='word_1_175' title='bbox 669 2688 845 2770; x_wconf 81' lang='lat' dir='ltr'><strong>perfeetum</strong></span> <span class='ocrx_word' id='word_1_176' title='bbox 874 2690 1003 2752; x_wconf 86' lang='lat' dir='ltr'><strong>sonetur</strong></span> <span class='ocrx_word' id='word_1_177' title='bbox 1030 2691 1063 2753; x_wconf 90' lang='lat' dir='ltr'><strong>et</strong></span> <span class='ocrx_word' id='word_1_178' title='bbox 1090 2689 1122 2752; x_wconf 92' lang='lat' dir='ltr'><strong>in</strong></span> <span class='ocrx_word' id='word_1_179' title='bbox 1151 2689 1268 2752; x_wconf 89' lang='lat' dir='ltr'><strong>bonum</strong></span> <span class='ocrx_word' id='word_1_180' title='bbox 1301 2707 1437 2754; x_wconf 89' lang='lat' dir='ltr'><strong>oommu·</strong></span> <span class='ocrx_word' id='word_1_181' title='bbox 1455 2708 1479 2748; x_wconf 79' lang='lat' dir='ltr'><strong>eo</strong></span> <span class='ocrx_word' id='word_1_182' title='bbox 1552 2733 1553 2767; x_wconf 39' lang='lat' dir='ltr'><strong>q</strong></span> 
     </span>
     <span class='ocr_line' id='line_1_22' title="bbox 288 2793 1440 2877; baseline 0.002 -19"><span class='ocrx_word' id='word_1_183' title='bbox 288 2798 375 2860; x_wconf 90' lang='lat' dir='ltr'><strong>tetur</strong></span> <span class='ocrx_word' id='word_1_184' title='bbox 398 2813 490 2860; x_wconf 91' lang='lat' dir='ltr'><strong>omne</strong></span> <span class='ocrx_word' id='word_1_185' title='bbox 514 2793 599 2877; x_wconf 93' lang='lat' dir='ltr'><strong>quod</strong></span> <span class='ocrx_word' id='word_1_186' title='bbox 622 2794 776 2859; x_wconf 88' lang='lat' dir='ltr'><strong>uiuimus.</strong></span> <span class='ocrx_word' id='word_1_187' title='bbox 801 2793 835 2860; x_wconf 90' lang='lat' dir='ltr'><strong>Si</strong></span> <span class='ocrx_word' id='word_1_188' title='bbox 859 2793 942 2858; x_wconf 90' lang='lat' dir='ltr'><strong>enim</strong></span> <span class='ocrx_word' id='word_1_189' title='bbox 966 2813 1081 2877; x_wconf 91' lang='lat' dir='ltr'><strong>peoora</strong></span> <span class='ocrx_word' id='word_1_190' title='bbox 1103 2814 1260 2874; x_wconf 78' lang='lat' dir='ltr'><strong>essemus,</strong></span> <span class='ocrx_word' id='word_1_191' title='bbox 1283 2795 1440 2860; x_wconf 81' lang='lat' dir='ltr'><strong>carnalem</strong></span> 
     </span>
     <span class='ocr_line' id='line_1_23' title="bbox 288 2895 1440 2984; baseline 0.001 -19"><span class='ocrx_word' id='word_1_192' title='bbox 288 2895 389 2966; x_wconf 90' lang='lat' dir='ltr'><strong>uitam</strong></span> <span class='ocrx_word' id='word_1_193' title='bbox 422 2905 454 2966; x_wconf 92' lang='lat' dir='ltr'><strong>et</strong></span> <span class='ocrx_word' id='word_1_194' title='bbox 487 2899 571 2983; x_wconf 88' lang='lat' dir='ltr'><strong>quod</strong></span> <span class='ocrx_word' id='word_1_195' title='bbox 600 2899 774 2965; x_wconf 86' lang='lat' dir='ltr'><strong>seeundum</strong></span> <span class='ocrx_word' id='word_1_196' title='bbox 803 2919 933 2966; x_wconf 89' lang='lat' dir='ltr'><strong>sensum</strong></span> <span class='ocrx_word' id='word_1_197' title='bbox 962 2902 1030 2966; x_wconf 90' lang='lat' dir='ltr'><strong>eius</strong></span> <span class='ocrx_word' id='word_1_198' title='bbox 1060 2904 1109 2965; x_wconf 90' lang='lat' dir='ltr'><strong>est</strong></span> <span class='ocrx_word' id='word_1_199' title='bbox 1138 2920 1317 2966; x_wconf 89' lang='lat' dir='ltr'><strong>amaremus</strong></span> <span class='ocrx_word' id='word_1_200' title='bbox 1346 2903 1440 2984; x_wconf 90' lang='lat' dir='ltr'><strong>idque</strong></span> 
     </span>
     <span class='ocr_line' id='line_1_24' title="bbox 289 3007 1442 3082; baseline 0 -10"><span class='ocrx_word' id='word_1_201' title='bbox 289 3012 376 3072; x_wconf 91' lang='lat' dir='ltr'><strong>esset</strong></span> <span class='ocrx_word' id='word_1_202' title='bbox 403 3007 565 3072; x_wconf 85' lang='lat' dir='ltr'><strong>suifioieus</strong></span> <span class='ocrx_word' id='word_1_203' title='bbox 594 3007 710 3072; x_wconf 89' lang='lat' dir='ltr'><strong>bonum</strong></span> <span class='ocrx_word' id='word_1_204' title='bbox 738 3009 882 3072; x_wconf 89' lang='lat' dir='ltr'><strong>nostrum</strong></span> <span class='ocrx_word' id='word_1_205' title='bbox 907 3009 939 3071; x_wconf 89' lang='lat' dir='ltr'><strong>et</strong></span> <span class='ocrx_word' id='word_1_206' title='bbox 962 3007 1136 3072; x_wconf 87' lang='lat' dir='ltr'><strong>seeundum</strong></span> <span class='ocrx_word' id='word_1_207' title='bbox 1162 3007 1232 3082; x_wconf 80' lang='lat' dir='ltr'><strong>hoo,</strong></span> <span class='ocrx_word' id='word_1_208' title='bbox 1257 3027 1331 3072; x_wconf 89' lang='lat' dir='ltr'><strong>oum</strong></span> <span class='ocrx_word' id='word_1_209' title='bbox 1357 3012 1442 3072; x_wconf 87' lang='lat' dir='ltr'><strong>esset</strong></span> 
     </span>
     <span class='ocr_line' id='line_1_25' title="bbox 289 3111 1440 3206; baseline -0.001 -27"><span class='ocrx_word' id='word_1_210' title='bbox 289 3113 381 3179; x_wconf 92' lang='lat' dir='ltr'><strong>nobis</strong></span> <span class='ocrx_word' id='word_1_211' title='bbox 404 3115 493 3191; x_wconf 83' lang='lat' dir='ltr'><strong>bene,</strong></span> <span class='ocrx_word' id='word_1_212' title='bbox 518 3112 598 3178; x_wconf 92' lang='lat' dir='ltr'><strong>nihil</strong></span> <span class='ocrx_word' id='word_1_213' title='bbox 622 3111 708 3178; x_wconf 88' lang='lat' dir='ltr'><strong>aliud</strong></span> <span class='ocrx_word' id='word_1_214' title='bbox 733 3131 965 3195; x_wconf 87' lang='lat' dir='ltr'><strong>quaereremus.</strong></span> <span class='ocrx_word' id='word_1_215' title='bbox 988 3115 1071 3180; x_wconf 93' lang='lat' dir='ltr'><strong>Item</strong></span> <span class='ocrx_word' id='word_1_216' title='bbox 1092 3113 1120 3179; x_wconf 92' lang='lat' dir='ltr'><strong>si</strong></span> <span class='ocrx_word' id='word_1_217' title='bbox 1139 3114 1264 3179; x_wconf 86' lang='lat' dir='ltr'><strong>arbores</strong></span> <span class='ocrx_word' id='word_1_218' title='bbox 1285 3133 1440 3206; x_wconf 81' lang='lat' dir='ltr'><strong>essemus,</strong></span> 
     </span>
     <span class='ocr_line' id='line_1_26' title="bbox 288 3219 1480 3303; baseline -0.003 -19"><span class='ocrx_word' id='word_1_219' title='bbox 288 3219 368 3284; x_wconf 86' lang='lat' dir='ltr'><strong>nihil</strong></span> <span class='ocrx_word' id='word_1_220' title='bbox 396 3219 524 3303; x_wconf 91' lang='lat' dir='ltr'><strong>quidem</strong></span> <span class='ocrx_word' id='word_1_221' title='bbox 556 3219 710 3284; x_wconf 88' lang='lat' dir='ltr'><strong>sentiente</strong></span> <span class='ocrx_word' id='word_1_222' title='bbox 737 3221 827 3283; x_wconf 90' lang='lat' dir='ltr'><strong>motu</strong></span> <span class='ocrx_word' id='word_1_223' title='bbox 857 3239 959 3284; x_wconf 90' lang='lat' dir='ltr'><strong>amare</strong></span> <span class='ocrx_word' id='word_1_224' title='bbox 986 3239 1166 3302; x_wconf 86' lang='lat' dir='ltr'><strong>possemus,</strong></span> <span class='ocrx_word' id='word_1_225' title='bbox 1194 3239 1306 3285; x_wconf 89' lang='lat' dir='ltr'><strong>uerum</strong></span> <span class='ocrx_word' id='word_1_226' title='bbox 1335 3225 1440 3286; x_wconf 86' lang='lat' dir='ltr'><strong>temen</strong></span> <span class='ocrx_word' id='word_1_227' title='bbox 1457 3241 1480 3280; x_wconf 75' lang='lat' dir='ltr'><strong>ss</strong></span> 
     </span>
     <span class='ocr_line' id='line_1_27' title="bbox 289 3311 1551 3410; baseline 0 -20"><span class='ocrx_word' id='word_1_228' title='bbox 289 3327 322 3390; x_wconf 90' lang='lat' dir='ltr'><strong>id</strong></span> <span class='ocrx_word' id='word_1_229' title='bbox 346 3327 436 3410; x_wconf 90' lang='lat' dir='ltr'><strong>quasi</strong></span> <span class='ocrx_word' id='word_1_230' title='bbox 461 3327 608 3410; x_wconf 86' lang='lat' dir='ltr'><strong>adpetere</strong></span> <span class='ocrx_word' id='word_1_231' title='bbox 631 3325 822 3401; x_wconf 76' lang='lat' dir='ltr'><strong>uideremus,</strong></span> <span class='ocrx_word' id='word_1_232' title='bbox 847 3344 909 3408; x_wconf 88' lang='lat' dir='ltr'><strong>quo</strong></span> <span class='ocrx_word' id='word_1_233' title='bbox 928 3325 1065 3391; x_wconf 83' lang='lat' dir='ltr'><strong>feracius</strong></span> <span class='ocrx_word' id='word_1_234' title='bbox 1084 3345 1228 3392; x_wconf 88' lang='lat' dir='ltr'><strong>essemus</strong></span> <span class='ocrx_word' id='word_1_235' title='bbox 1248 3327 1441 3410; x_wconf 89' lang='lat' dir='ltr'><strong>uberiusque</strong></span> <span class='ocrx_word' id='word_1_236' title='bbox 1550 3311 1551 3322; x_wconf 14' lang='grc' dir='ltr'><strong>ἶ</strong></span> 
     </span>
     <span class='ocr_line' id='line_1_28' title="bbox 290 3432 1441 3517; baseline 0.001 -21"><span class='ocrx_word' id='word_1_237' title='bbox 290 3434 482 3498; x_wconf 85' lang='lat' dir='ltr'><strong>fructuosae.</strong></span> <span class='ocrx_word' id='word_1_238' title='bbox 526 3433 559 3498; x_wconf 88' lang='lat' dir='ltr'><strong>Si</strong></span> <span class='ocrx_word' id='word_1_239' title='bbox 592 3451 737 3498; x_wconf 89' lang='lat' dir='ltr'><strong>essemus</strong></span> <span class='ocrx_word' id='word_1_240' title='bbox 770 3432 892 3517; x_wconf 84' lang='lat' dir='ltr'><strong>lapides</strong></span> <span class='ocrx_word' id='word_1_241' title='bbox 925 3437 980 3498; x_wconf 87' lang='lat' dir='ltr'><strong>aut</strong></span> <span class='ocrx_word' id='word_1_242' title='bbox 1011 3433 1129 3500; x_wconf 86' lang='lat' dir='ltr'><strong>fluetus</strong></span> <span class='ocrx_word' id='word_1_243' title='bbox 1158 3437 1213 3499; x_wconf 86' lang='lat' dir='ltr'><strong>aut</strong></span> <span class='ocrx_word' id='word_1_244' title='bbox 1239 3437 1359 3500; x_wconf 90' lang='lat' dir='ltr'><strong>uentus</strong></span> <span class='ocrx_word' id='word_1_245' title='bbox 1388 3439 1441 3499; x_wconf 86' lang='lat' dir='ltr'><strong>aut</strong></span> 
     </span>
     <span class='ocr_line' id='line_1_29' title="bbox 292 3539 1440 3623; baseline 0.002 -21"><span class='ocrx_word' id='word_1_246' title='bbox 292 3539 420 3604; x_wconf 86' lang='lat' dir='ltr'><strong>flamma</strong></span> <span class='ocrx_word' id='word_1_247' title='bbox 447 3541 499 3604; x_wconf 90' lang='lat' dir='ltr'><strong>uel</strong></span> <span class='ocrx_word' id='word_1_248' title='bbox 528 3539 602 3623; x_wconf 90' lang='lat' dir='ltr'><strong>quid</strong></span> <span class='ocrx_word' id='word_1_249' title='bbox 631 3539 726 3604; x_wconf 90' lang='lat' dir='ltr'><strong>huius</strong></span> <span class='ocrx_word' id='word_1_250' title='bbox 751 3539 848 3616; x_wconf 87' lang='lat' dir='ltr'><strong>modi,</strong></span> <span class='ocrx_word' id='word_1_251' title='bbox 873 3540 941 3605; x_wconf 87' lang='lat' dir='ltr'><strong>siue</strong></span> <span class='ocrx_word' id='word_1_252' title='bbox 970 3539 1036 3605; x_wconf 89' lang='lat' dir='ltr'><strong>ullo</strong></span> <span class='ocrx_word' id='word_1_253' title='bbox 1065 3539 1194 3623; x_wconf 88' lang='lat' dir='ltr'><strong>quidem</strong></span> <span class='ocrx_word' id='word_1_254' title='bbox 1218 3559 1315 3606; x_wconf 89' lang='lat' dir='ltr'><strong>seusu</strong></span> <span class='ocrx_word' id='word_1_255' title='bbox 1339 3541 1440 3623; x_wconf 91' lang='lat' dir='ltr'><strong>adque</strong></span> 
     </span>
     <span class='ocr_line' id='line_1_30' title="bbox 289 3645 1440 3729; baseline 0.002 -20"><span class='ocrx_word' id='word_1_256' title='bbox 289 3646 368 3722; x_wconf 86' lang='lat' dir='ltr'><strong>uita,</strong></span> <span class='ocrx_word' id='word_1_257' title='bbox 395 3666 456 3711; x_wconf 92' lang='lat' dir='ltr'><strong>non</strong></span> <span class='ocrx_word' id='word_1_258' title='bbox 484 3649 589 3710; x_wconf 89' lang='lat' dir='ltr'><strong>tamen</strong></span> <span class='ocrx_word' id='word_1_259' title='bbox 617 3646 708 3711; x_wconf 87' lang='lat' dir='ltr'><strong>nobis</strong></span> <span class='ocrx_word' id='word_1_260' title='bbox 734 3646 862 3710; x_wconf 87' lang='lat' dir='ltr'><strong>deesset</strong></span> <span class='ocrx_word' id='word_1_261' title='bbox 885 3645 976 3728; x_wconf 91' lang='lat' dir='ltr'><strong>quasi</strong></span> <span class='ocrx_word' id='word_1_262' title='bbox 1000 3647 1129 3729; x_wconf 86' lang='lat' dir='ltr'><strong>quidam</strong></span> <span class='ocrx_word' id='word_1_263' title='bbox 1152 3650 1334 3713; x_wconf 90' lang='lat' dir='ltr'><strong>nostrorum</strong></span> <span class='ocrx_word' id='word_1_264' title='bbox 1358 3648 1440 3712; x_wconf 91' lang='lat' dir='ltr'><strong>looo-</strong></span> 
     </span>
     <span class='ocr_line' id='line_1_31' title="bbox 291 3751 1478 3838; baseline 0.001 -23"><span class='ocrx_word' id='word_1_265' title='bbox 291 3771 359 3818; x_wconf 90' lang='lat' dir='ltr'><strong>rum</strong></span> <span class='ocrx_word' id='word_1_266' title='bbox 388 3752 489 3836; x_wconf 84' lang='lat' dir='ltr'><strong>adque</strong></span> <span class='ocrx_word' id='word_1_267' title='bbox 518 3751 636 3817; x_wconf 90' lang='lat' dir='ltr'><strong>ordinis</strong></span> <span class='ocrx_word' id='word_1_268' title='bbox 669 3752 841 3836; x_wconf 86' lang='lat' dir='ltr'><strong>adpetitus.</strong></span> <span class='ocrx_word' id='word_1_269' title='bbox 883 3753 965 3817; x_wconf 90' lang='lat' dir='ltr'><strong>Nam</strong></span> <span class='ocrx_word' id='word_1_270' title='bbox 998 3755 1090 3818; x_wconf 87' lang='lat' dir='ltr'><strong>uelut</strong></span> <span class='ocrx_word' id='word_1_271' title='bbox 1121 3771 1243 3818; x_wconf 91' lang='lat' dir='ltr'><strong>amores</strong></span> <span class='ocrx_word' id='word_1_272' title='bbox 1273 3772 1438 3838; x_wconf 85' lang='lat' dir='ltr'><strong>corporum</strong></span> <span class='ocrx_word' id='word_1_273' title='bbox 1455 3773 1478 3811; x_wconf 74' lang='lat' dir='ltr'><strong>aa</strong></span> 
     </span>
     <span class='ocr_line' id='line_1_32' title="bbox 290 3857 1438 3944; baseline 0 -20"><span class='ocrx_word' id='word_1_274' title='bbox 290 3863 450 3926; x_wconf 86' lang='lat' dir='ltr'><strong>momente</strong></span> <span class='ocrx_word' id='word_1_275' title='bbox 474 3863 548 3924; x_wconf 88' lang='lat' dir='ltr'><strong>suut</strong></span> <span class='ocrx_word' id='word_1_276' title='bbox 570 3859 757 3944; x_wconf 90' lang='lat' dir='ltr'><strong>ponderum,</strong></span> <span class='ocrx_word' id='word_1_277' title='bbox 782 3859 851 3925; x_wconf 91' lang='lat' dir='ltr'><strong>siue</strong></span> <span class='ocrx_word' id='word_1_278' title='bbox 875 3860 1022 3925; x_wconf 89' lang='lat' dir='ltr'><strong>deorsum</strong></span> <span class='ocrx_word' id='word_1_279' title='bbox 1048 3859 1205 3944; x_wconf 84' lang='lat' dir='ltr'><strong>grauitate</strong></span> <span class='ocrx_word' id='word_1_280' title='bbox 1225 3857 1294 3924; x_wconf 90' lang='lat' dir='ltr'><strong>siue</strong></span> <span class='ocrx_word' id='word_1_281' title='bbox 1313 3879 1438 3926; x_wconf 86' lang='lat' dir='ltr'><strong>sursum</strong></span> 
     </span>
    </p>
   </div>
   <div class='ocr_carea' id='block_1_5' title="bbox 292 4081 1441 4364">
    <p class='ocr_par' dir='ltr' id='par_1_5' title="bbox 292 4081 1441 4364">
     <span class='ocr_line' id='line_1_33' title="bbox 325 4081 1441 4192; baseline -0.002 -18"><span class='ocrx_word' id='word_1_282' title='bbox 325 4122 343 4174; x_wconf 84' lang='lat'><strong>4</strong></span> <span class='ocrx_word' id='word_1_283' title='bbox 370 4121 580 4190; x_wconf 89' lang='lat' dir='ltr'><strong>propinquamus</strong></span> <span class='ocrx_word' id='word_1_284' title='bbox 595 4137 668 4189; x_wconf 82' lang='lat' dir='ltr'><strong>ppo</strong></span> <span class='ocrx_word' id='word_1_285' title='bbox 758 4121 774 4175; x_wconf 89' lang='lat'><strong>9</strong></span> <span class='ocrx_word' id='word_1_286' title='bbox 799 4083 839 4186; x_wconf 65' lang='lat' dir='ltr'><strong>du,</strong></span> <span class='ocrx_word' id='word_1_287' title='bbox 860 4121 890 4176; x_wconf 77' lang='lat' dir='ltr'><strong>in</strong></span> <span class='ocrx_word' id='word_1_288' title='bbox 908 4137 993 4191; x_wconf 77' lang='lat' dir='ltr'><strong>marp.</strong></span> <span class='ocrx_word' id='word_1_289' title='bbox 1013 4081 1109 4192; x_wconf 72' lang='lat' dir='ltr'><strong>quqe</strong></span> <span class='ocrx_word' id='word_1_290' title='bbox 1200 4121 1234 4176; x_wconf 80' lang='lat'><strong>14</strong></span> <span class='ocrx_word' id='word_1_291' title='bbox 1262 4121 1393 4184; x_wconf 83' lang='lat' dir='ltr'><strong>amamuis</strong></span> <span class='ocrx_word' id='word_1_292' title='bbox 1416 4117 1441 4172; x_wconf 79' lang='grc' dir='ltr'>Γ</span> 
     </span>
     <span class='ocr_line' id='line_1_34' title="bbox 293 4209 1435 4278; baseline 0 -17"><span class='ocrx_word' id='word_1_293' title='bbox 293 4211 325 4262; x_wconf 84' lang='grc'><strong>15</strong></span> <span class='ocrx_word' id='word_1_294' title='bbox 345 4213 373 4261; x_wconf 92' lang='lat' dir='ltr'><strong>et</strong></span> <span class='ocrx_word' id='word_1_295' title='bbox 392 4214 457 4262; x_wconf 82' lang='lat' dir='ltr'><strong>onte</strong></span> <span class='ocrx_word' id='word_1_296' title='bbox 476 4215 651 4262; x_wconf 83' lang='lat' dir='ltr'><strong>arnorom.t</strong></span> <span class='ocrx_word' id='word_1_297' title='bbox 720 4211 751 4264; x_wconf 81' lang='lat'><strong>17</strong></span> <span class='ocrx_word' id='word_1_298' title='bbox 772 4209 892 4278; x_wconf 83' lang='lat' dir='ltr'><strong>quodid</strong></span> <span class='ocrx_word' id='word_1_299' title='bbox 915 4210 942 4263; x_wconf 85' lang='lat' dir='ltr'><strong><em>V</em></strong></span> <span class='ocrx_word' id='word_1_300' title='bbox 994 4210 1028 4264; x_wconf 80' lang='lat'><strong>22</strong></span> <span class='ocrx_word' id='word_1_301' title='bbox 1047 4226 1142 4264; x_wconf 85' lang='lat' dir='ltr'><strong>sensus</strong></span> <span class='ocrx_word' id='word_1_302' title='bbox 1162 4228 1179 4261; x_wconf 82' lang='grc' dir='ltr'><strong>α</strong></span> <span class='ocrx_word' id='word_1_303' title='bbox 1233 4211 1267 4264; x_wconf 81' lang='lat'><strong>26</strong></span> <span class='ocrx_word' id='word_1_304' title='bbox 1288 4211 1435 4264; x_wconf 82' lang='lat' dir='ltr'><strong>ueraoiust</strong></span> 
     </span>
     <span class='ocr_line' id='line_1_35' title="bbox 292 4295 841 4364; baseline 0.009 -16"><span class='ocrx_word' id='word_1_305' title='bbox 292 4296 327 4349; x_wconf 81' lang='lat'><strong>28</strong></span> <span class='ocrx_word' id='word_1_306' title='bbox 346 4295 426 4349; x_wconf 88' lang='lat' dir='ltr'><strong>huius</strong></span> <span class='ocrx_word' id='word_1_307' title='bbox 445 4296 520 4349; x_wconf 92' lang='lat' dir='ltr'><strong>rnodi</strong></span> <span class='ocrx_word' id='word_1_308' title='bbox 543 4296 579 4364; x_wconf 91' lang='lat' dir='ltr'><strong>V,·</strong></span> <span class='ocrx_word' id='word_1_309' title='bbox 598 4297 730 4352; x_wconf 87' lang='lat' dir='ltr'><strong>eiusmodi</strong></span> <span class='ocrx_word' id='word_1_310' title='bbox 748 4298 806 4352; x_wconf 79' lang='lat' dir='ltr'><strong>rell.</strong></span> <span class='ocrx_word' id='word_1_311' title='bbox 825 4314 841 4352; x_wconf 86' lang='lat' dir='ltr'><strong><em>v</em></strong></span> 
     </span>
    </p>
   </div>
   <div class='ocr_carea' id='block_1_6' title="bbox 0 0 1581 4928">
    <p class='ocr_par' dir='ltr' id='par_1_6' title="bbox 0 0 1581 4928">
     <span class='ocr_line' id='line_1_36' title="bbox 0 0 1581 4928; baseline 0 0"><span class='ocrx_word' id='word_1_312' title='bbox 0 0 1581 4928; x_wconf 95' lang='lat' dir='ltr'><strong> </strong></span> 
     </span>
    </p>
   </div>
  </div>
 </body>
</html>
