3094 4932
250 421 293 484 44
605 415 632 470 S.
660 413 817 470 Aurelii
844 415 1061 484 Augustini

249 611 414 676 remeauit.
439 611 558 674 Tantus
583 609 690 691 itaque
714 609 800 672 uitae
824 608 920 673 huius
949 611 1134 688 contemtor,
1159 629 1233 674 curn
1257 610 1400 677 saeuien-

250 718 336 782 tibus
365 717 512 782 hostibus
541 735 596 797 per
624 715 783 798 quaslibet
809 734 926 798 poenas
950 734 1020 780 eam
1043 715 1130 780 finire
1154 735 1249 800 qnam
1273 737 1307 782 se
1329 716 1401 799 ipse

250 824 403 907 perimere
433 823 556 901 maluit,
581 841 731 907 magnum
759 821 863 886 scelus
892 822 1025 900 essaei
1054 842 1087 886 se
1110 822 1204 889 horno
1227 823 1399 899 interimat,

250 930 362 1015 procul
386 928 481 993 dubio
505 927 671 992 iudicauit.
694 927 781 992 Inter
799 946 906 992 ornnes
927 945 1002 992 suos
1021 927 1198 994 laudabiles
1219 931 1249 993 et
1268 928 1400 993 uirtutis

249 1035 430 1122 insignibus
467 1035 617 1100 inlustres
650 1034 736 1099 uiros
769 1052 830 1098 non
862 1034 1025 1116 proferunt
1056 1035 1191 1100 Romani
1223 1035 1399 1111 meliorem,
1434 1061 1447 1099 s

251 1163 344 1226 quern
369 1161 471 1225 neque
495 1141 633 1207 felicitas
657 1141 839 1224 corruperit,
864 1141 991 1206 namin
1015 1144 1102 1206 tanta
1124 1143 1260 1207 uictoria
1283 1143 1401 1208 mansit

249 1250 479 1332 pauperrimus,
499 1267 557 1312 nec
574 1247 745 1312 infelicitas
761 1247 899 1332 fregerit,
915 1267 987 1312 uam
1003 1248 1042 1313 ad
1055 1251 1145 1312 tanta
1158 1249 1253 1313 exitia
1266 1250 1401 1314 reuertit

248 1356 434 1440 intrepidus.
461 1355 557 1421 Porro
587 1354 615 1420 si
642 1354 810 1420 fortissimi
838 1357 871 1420 et
897 1355 1142 1437 praeclarissimi
1168 1355 1229 1420 uiri
1255 1358 1399 1420 terrenae

248 1463 369 1545 patriae
385 1461 563 1527 defensores
580 1460 773 1543 deorumque
791 1461 867 1524 licet
885 1461 1047 1539 falsorum,
1063 1481 1124 1527 non
1143 1465 1249 1526 tamen
1267 1461 1398 1526 fallaces

250 1567 399 1647 cultores,
416 1568 473 1632 sed
486 1566 685 1632 ueracissimi
700 1568 795 1631 etiam
814 1568 978 1642 iuratores,
998 1567 1051 1649 qui
1069 1568 1178 1634 hostes
1192 1569 1297 1633 uictos
1311 1587 1399 1633 more
1421 1593 1447 1632 ιο

247 1694 286 1740 ac
313 1675 380 1739 iure
408 1673 485 1738 belli
513 1673 604 1738 ferire
632 1676 815 1756 potuerunt,
839 1671 873 1736 hi
902 1673 939 1738 ab
969 1672 1115 1738 hostibus
1144 1675 1223 1738 uicti
1252 1675 1398 1757 seipsos

249 1781 342 1846 ferire
366 1781 535 1846 noluerunt
559 1783 600 1860 et,
621 1799 693 1845 cunr
717 1783 852 1844 mortem
875 1779 1005 1844 minime
1027 1780 1240 1862 formidarent,
1260 1781 1398 1846 uictores

250 1890 354 1951 tamen
380 1886 522 1951 dominos
546 1886 626 1951 ferre
647 1905 741 1968 quam
761 1905 830 1949 eam
849 1885 911 1948 sibi
929 1885 1042 1952 inferre
1060 1887 1254 1951 maluerunt:
1279 1892 1398 1971 quanto

249 1993 352 2077 magis
381 1991 563 2068 Christiani,
592 2012 703 2057 uerum
731 1992 834 2057 Deum
863 1991 1002 2056 colentes
1031 1995 1062 2056 et
1093 2012 1245 2076 supernae
1277 1993 1398 2077 patriae

249 2099 456 2181 suspirantes
481 2099 518 2164 ab
543 2101 603 2164 hoc
626 2099 762 2164 facinore
781 2098 1011 2182 temperabunt,
1032 2099 1059 2164 si
1083 2119 1137 2166 eos
1161 2100 1270 2164 diuina
1293 2101 1399 2183 dispo·
1419 2124 1446 2164 re

250 2205 322 2270 sitio
351 2205 404 2269 uel
428 2205 604 2290 probandos
628 2207 682 2270 uel
706 2204 916 2270 emendandos
940 2204 978 2270 ad
1002 2208 1129 2289 tempus
1152 2206 1300 2272 hostibus
1324 2207 1399 2272 sub·

248 2311 419 2395 iugauerit,
440 2331 519 2394 quos
543 2315 575 2376 in
599 2312 654 2376 illa
677 2312 859 2376 humilitate
882 2329 943 2375 non
969 2311 1095 2384 deserit,
1115 2313 1170 2394 qui
1193 2317 1321 2396 propter
1343 2332 1398 2378 eos

249 2421 315 2482 tarn
332 2419 495 2484 humiliter·
510 2419 688 2484 altissimus
703 2419 803 2495 uenit,
818 2417 1003 2500 praesertim
1019 2436 1098 2501 quos
1113 2418 1232 2484 nullius
1251 2419 1399 2485 militaris

248 2527 416 2607 potestatis
446 2526 499 2590 uel
526 2526 600 2590 talis
629 2525 762 2589 militiae
789 2525 858 2589 iura
887 2525 1108 2608 constringunt
1133 2523 1240 2607 ipsum
1271 2526 1397 2590 bostem

248 2630 340 2694 ferire
365 2636 559 2714 superatum.
586 2630 663 2710 Quis
689 2652 762 2716 ergo
782 2635 848 2696 tam
867 2632 971 2696 malus
992 2651 1076 2698 error
1094 2631 1227 2715 obrepit,
1247 2637 1284 2696 ut
1302 2633 1397 2698 homo
1417 2657 1444 2698 ao

248 2755 282 2800 se
311 2738 444 2817 occidat,
471 2739 523 2803 uel
549 2739 625 2822 quia
652 2739 683 2801 in
713 2758 784 2803 eum
813 2738 969 2821 peccauit,
993 2738 1046 2802 nel
1074 2758 1111 2802 ne
1134 2739 1165 2803 in
1190 2757 1263 2802 eum
1286 2743 1398 2821 peccet

247 2843 405 2923 inimicus,
426 2864 497 2910 curn
523 2845 576 2910 uel
598 2848 796 2928 peccatorem
820 2846 873 2910 uel
896 2849 1099 2928 peccaturum
1124 2846 1229 2928 ipsum
1254 2845 1397 2910 occidere

247 2968 308 3014 non
332 2950 447 3015 audeat
469 2951 654 3016 inimicum?

694 3057 830 3124 CAPUT
853 3057 951 3122 XXV,

249 3178 588 3266 Quodpsccatum
606 3202 680 3248 non
700 3202 769 3266 per·
787 3185 999 3266 peccatum
1020 3181 1165 3245 debeat
1185 3181 1394 3247 declinari.
1417 3200 1443 3240 as

292 3307 336 3369 At
363 3307 447 3370 enirn
475 3307 650 3371 timendum
679 3311 729 3370 est
756 3309 789 3370 et
812 3305 999 3382 cauendum,
1023 3324 1061 3370 ne
1083 3305 1208 3369 libidini
1232 3305 1395 3371 subditum

249 3431 362 3494 corpus
389 3413 678 3479 inlecebrosissima
700 3411 867 3495 uoluptate
896 3413 1035 3477 animum
1061 3411 1190 3477 adliciat
1219 3413 1394 3476 corruentire

284 3517 606 3616 3homciierimat11m.
627 3569 640 3614 1
659 3577 728 3616 corr.
769 3561 978 3627 4indicauitf
1029 3562 1139 3614 uirtutis
1158 3559 1395 3629 LriC²abeph3

247 3678 364 3731 uirtutes
386 3676 419 3730 0¹
429 3696 446 3728 α
456 3678 503 3745 f¹,·
520 3677 669 3732 uirtutibus
683 3677 756 3746 qf²,·
774 3677 936 3732 uirtutumc
973 3680 989 3732 5
1004 3676 1142 3746 proferent
1156 3674 1180 3729 C
1214 3679 1230 3732 6
1246 3641 1395 3748 quelidliii-

247 3769 290 3820 tas
312 3766 510 3822 Θηβέων.
580 3768 753 3837 lpaurimns
774 3765 806 3820 0¹
879 3765 1394 3833 reuertitLhche¹qlrv;rcuer·

247 3853 448 3925 titure²pof
481 3854 739 3909 8fortissirnum0
791 3859 879 3908 terrae
901 3853 935 3908 0¹
972 3855 1004 3909 15
1025 3853 1244 3924 dispositioneO
1280 3857 1312 3910 16
1331 3871 1394 3924 pro-

248 3971 350 4026 uncos
369 3971 429 4024 nr
485 3930 946 4037 1rnm11sfounnaean
998 3969 1030 4023 1e
1051 3970 1246 4024 anniterer
1318 3971 1396 4026 uenit

248 4060 355 4115 altisc
427 4059 518 4114 nullus
540 4059 572 4112 C¹
654 4061 688 4113 20
708 4060 795 4118 ferire.
814 4060 998 4127 superroratam
1016 4059 1029 4110 l
1048 4059 1126 4121 ferre,
1146 4076 1165 4112 a
1238 4059 1351 4130 obrepet
1369 4061 1396 4113 οἳ

248 4149 279 4202 21
301 4149 328 4201 in
348 4165 399 4202 om.
419 4149 443 4202 e¹
498 4165 532 4202 ne
551 4165 585 4202 m.
606 4149 674 4204 2in
687 4149 747 4218 fine
764 4146 905 4200 ucrauC
949 4149 983 4201 26
1002 4148 1040 4200 At
1059 4147 1139 4217 enirn]
1159 4148 1232 4201 inter
1250 4147 1395 4202 columnae

248 4253 281 4290 m.
301 4242 353 4290 acet.
374 4237 543 4305 ademptum
562 4243 599 4290 eat
618 4235 744 4299 obiectio,
762 4237 790 4290 L
887 4239 930 4288 est
947 4253 982 4290 m.
1002 4239 1021 4289 2
1039 4243 1164 4304 exponet.
1184 4239 1207 4289 h
1279 4234 1394 4292 libidine

248 4324 335 4388 (liuid.
356 4325 382 4378 L
392 4326 426 4391 h)
446 4323 505 4379 La
518 4324 580 4393 (³123
597 4323 675 4377 libid.
695 4322 789 4376 hostili
809 4341 826 4376 a
837 4322 852 4376 b
863 4339 903 4391 qc
923 4323 1021 4376 Domb.
