3072 4930
316 425 366 478 De
395 425 566 482 ciuitate
595 425 657 480 dei
684 425 749 480 lib.
776 427 840 480 1111.
869 444 943 497 cap.
974 429 1087 482 12-14.
1212 434 1272 497 181

112 619 284 684 obluctari
309 619 385 702 quid
414 639 494 704 opus
524 623 593 684 eet?
630 619 678 684 De
705 621 775 702 ipso
804 621 951 688 rationali
977 622 1145 701 animante,
1169 622 1201 687 id
1226 629 1275 688 est

114 727 266 803 homine,
283 727 359 809 quid
376 727 535 792 infelicius
556 726 641 791 credi
659 729 776 809 potest,
793 746 887 810 quam
902 728 961 792 Dei
974 733 1097 812 partem
1112 732 1275 813 uapularc,

115 851 197 896 curu
224 852 305 916 puer
328 833 481 916 uapulat?
504 833 570 898 Iam
591 852 666 898 uero
685 837 790 917 partes
807 834 866 899 Dei
884 833 953 898 fieri
970 837 1119 913 lasciuae,
1138 836 1274 919 iniquas,

114 940 229 1022 inpias
265 941 367 1023 adque
400 941 526 1006 omnino
560 939 754 1005 damnabiles
783 941 854 1022 quis
882 941 963 1006 ferre
989 944 1102 1026 possit,
1131 943 1191 1008 nisi
1220 945 1275 1028 qui

81 1066 258 1130 sprot-sus
287 1046 425 1112 insanit?
465 1048 630 1114 Postremo
660 1047 737 1130 quid
763 1047 911 1113 irascitur
939 1049 994 1126 eis,
1024 1069 1042 1113 a
1069 1049 1186 1132 quibus
1214 1070 1274 1116 non

116 1153 253 1234 colitur,
283 1173 355 1218 cum
385 1173 403 1218 a
435 1155 502 1221 suis
535 1155 678 1236 nantibus
711 1173 771 1219 non
806 1155 948 1222 coletur?
985 1157 1099 1221 Restat
1131 1175 1204 1241 ergo
1238 1161 1275 1221 nt

117 1259 235 1324 dicant
264 1279 373 1325 omnes
402 1259 477 1326 dece
506 1281 580 1325 suas
608 1260 724 1326 babere
752 1262 847 1338 uitas,
876 1263 938 1326 sibi
966 1281 1122 1348 quemque
1156 1265 1275 1342 uiuere,

115 1367 251 1431 nullum
281 1385 389 1431 eorum
417 1386 487 1432 esse
515 1371 638 1450 purtem
673 1367 872 1451 cuiusquam,
900 1369 957 1433 sed
991 1389 1099 1435 omnes
1128 1370 1275 1436 colendos

117 1473 174 1555 qui
208 1474 362 1558 cognosci
386 1477 418 1538 et
442 1473 502 1539 ooli
525 1477 669 1557 possunt,
695 1475 768 1558 quia
791 1477 856 1540 tam
879 1475 975 1540 multi
998 1479 1081 1554 sunt,
1106 1479 1143 1542 ut
1166 1497 1275 1542 omnes

72 1601 99 1640 to
117 1599 180 1644 non
208 1580 346 1662 possint.
373 1577 512 1657 eronurn
531 1580 676 1663 luppiter
699 1579 773 1663 quia
794 1600 846 1645 rer
869 1581 1037 1664 praesidet,
1056 1584 1162 1666 ipsum
1182 1583 1274 1650 credo

119 1687 158 1750 ab
186 1687 237 1750 eis
261 1686 365 1770 putari
389 1705 519 1770 regnum
544 1687 750 1752 constituisse
768 1688 821 1752 uel
839 1689 963 1753 auxisse
982 1689 1169 1754 Romanum.
1193 1690 1275 1755 Nam

119 1795 148 1858 si
177 1793 245 1858 hoc
272 1793 343 1874 ipse
371 1812 432 1857 non
460 1793 547 1871 fecit,
573 1813 667 1877 quem
690 1795 789 1858 alium
813 1794 907 1859 deum
931 1815 1010 1878 opus
1035 1799 1100 1860 tam
1123 1817 1273 1882 magnum

119 1901 273 1980 potuisse
302 1898 429 1986 adgredi
458 1899 596 1978 credant,
621 1920 692 1966 cum
718 1921 827 1967 omncs
851 1903 997 1985 occupati
1020 1905 1084 1967 sint
1106 1903 1220 1968 officiis
1245 1907 1276 1968 et

120 2007 278 2090 operibus
301 2007 448 2090 propriis,
472 2026 529 2072 nec
554 2007 634 2072 alter
655 2009 760 2072 inruat
782 2008 814 2072 iri
838 2009 990 2072 alterius?
1028 2009 1056 2074 A
1078 2029 1152 2094 rege
1176 2009 1276 2094 igitur

78 2132 102 2171 ¹⁵
121 2113 258 2178 deorum
281 2132 416 2197 regnum
439 2113 602 2178 hominum
626 2114 731 2197 potuit
753 2115 918 2200 propagari
942 2117 974 2180 ct
996 2116 1114 2200 aligeri.

570 2357 706 2424 CAPUT
729 2358 832 2426 XHH.

121 2503 357 2586 tegmenta
384 2519 599 2584 regnorum
622 2499 712 2564 Ioui
734 2501 1057 2584 incongruenter
1081 2500 1273 2580 adscribi,

122 2627 222 2688 curn,
264 2607 300 2672 si
337 2605 524 2672 Victoria
564 2610 608 2672 ut
649 2608 796 2672 uolunt
837 2605 908 2670 dea
945 2611 1017 2685 est,
1054 2608 1144 2692 ipsa
1180 2609 1274 2674 huic

431 2715 599 2799 negotio
628 2713 715 2779 sola
739 2713 970 2778 sufficeret.

78 2879 104 2918 nc
164 2857 230 2922 Hic
255 2857 393 2940 primurn
419 2874 544 2938 quaero,
564 2875 646 2938 quur
668 2875 728 2920 nou
753 2857 849 2920 etiam
872 2855 978 2938 ipsum
1001 2875 1134 2940 regnum
1158 2857 1273 2942 aliquis

122 2967 203 3029 deus
233 2966 306 3028 est?
344 2959 433 3041 Quur
461 2961 545 3027 enim
573 2982 633 3027 non
661 2961 707 3027 ita
731 2963 783 3039 sit,
809 2963 835 3026 si
855 2961 996 3028 Victoria
1020 2963 1077 3026 dea
1102 2963 1172 3028 est?
1209 2965 1275 3030 Aut

122 3061 199 3153 quid
223 3071 297 3154 ipso
317 3071 393 3136 Ioue
418 3069 449 3133 in
468 3069 527 3134 hac
548 3087 643 3134 causa
663 3088 742 3152 epus
762 3072 822 3146 est,
843 3069 870 3132 si
884 3067 1027 3133 Victoria
1045 3069 1151 3134 faueat
1170 3071 1275 3154 sitque

122 3179 263 3262 propitia
295 3180 327 3241 et
359 3195 484 3260 semper
521 3179 572 3241 eet
609 3176 649 3241 ed
680 3177 765 3254 illos,
796 3195 875 3258 quos
908 3175 979 3240 uult
1012 3195 1082 3241 esse
1115 3177 1273 3242 uictores?

121 3285 190 3350 Hac
224 3285 285 3348 dea
316 3283 443 3347 fauente
477 3285 510 3347 et
541 3282 687 3365 propitia,
717 3281 812 3346 etiarn
841 3281 917 3345 Ioue
945 3286 1078 3347 uacante
1106 3283 1160 3347 del
1188 3283 1275 3349 aliud

81 3409 106 3448 a
124 3395 249 3475 agente,
271 3408 351 3474 quae
375 3393 485 3474 gentes
509 3409 569 3454 non
594 3388 740 3453 subditae
763 3391 981 3454 remanerent?
1001 3409 1080 3472 quae
1099 3410 1195 3475 regna
1215 3412 1272 3457 non

123 3498 293 3564 cederent?
339 3497 388 3561 dn
420 3497 501 3564 forte
535 3495 684 3580 displicet
719 3495 811 3560 bonis
847 3495 1048 3579 iniquissima
1084 3497 1274 3580 inprobitate

123 3623 266 3691 pugnare
295 3607 327 3670 et
353 3603 505 3670 finitimos
534 3602 658 3686 quietos
683 3603 865 3686 nullamque
889 3602 1036 3668 iniuriam
1060 3604 1211 3668 facientes
1236 3603 1274 3668 ad

158 3883 313 3940 blascibaa
331 3882 391 3938 Lu
480 3885 495 3936 ‘l
519 3881 613 3938 uibere
636 3883 662 3936 L
746 3883 775 3936 ll
802 3899 973 3937 romanorum
998 3879 1032 3936 Α1
1116 3881 1149 3934 13
1173 3879 1237 3934 dum
1261 3895 1274 3933 a

125 3972 250 4042 occupati
272 3971 338 4041 sint]
361 3971 435 4025 iuter
453 3971 520 4025 baec
542 3972 636 4034 uerba,
656 3973 755 4042 quibus
777 3971 809 4024 iu
831 3971 857 4026 L
881 3971 982 4026 domuit
998 3970 1053 4038 fol.
1081 3971 1119 4022 92
1137 3985 1167 4038 p.
1190 3983 1224 4032 o..
1249 3972 1274 4022 ct

123 4063 209 4116 uerba
243 4060 291 4130 qai
319 4061 422 4124 maiori,
454 4061 553 4128 quibua
581 4062 679 4130 inmisit
702 4061 758 4129 fel.
791 4063 829 4114 93
859 4063 898 4130 (p.
928 4062 991 4122 192,
1021 4061 1073 4125 27>
1104 4057 1275 4110 intermittere

124 4151 333 4217 quotmioaem
361 4149 433 4204 XVI.
461 4150 493 4202 iu
516 4150 697 4218 praefatione
724 4149 820 4204 monui
946 4149 978 4204 17
1010 4146 1274 4214 inconuenienterp

127 4237 157 4292 18
176 4239 199 4293 si
219 4243 253 4292 ut
270 4239 368 4292 uolunt
387 4237 470 4294 deae
489 4238 605 4292 uictoria
614 4255 635 4308 p
690 4239 725 4292 20
744 4237 810 4292 deus
825 4237 952 4307 aliquise
1007 4237 1041 4289 24
1060 4235 1104 4290 uel
1120 4234 1237 4304 propitia
1250 4239 1275 4288 A

125 4329 158 4383 26
177 4328 347 4400 inprobitate
367 4329 390 4380 A
