3072 4928
355 449 405 504 De
433 449 607 504 ciuitate
635 449 695 504 dei
723 449 788 506 lib.
816 449 851 502 11.
881 465 956 519 cap.
980 448 1022 504 28.
1047 449 1090 502 29.
1236 453 1296 516 107

140 647 227 712 haee
255 646 364 728 potius
393 646 592 728 concupisce,
621 645 699 710 haec
729 645 767 709 ab
797 645 853 710 illa
880 643 1066 726 turpissima
1093 643 1234 708 uanitate
1266 647 1299 708 et

140 753 357 818 fallacissima
388 751 576 817 daemonum
608 752 808 837 malignitate
840 751 992 818 discerne.
1035 751 1069 818 Si
1102 751 1178 834 quid
1205 751 1236 814 in
1265 757 1297 816 te

141 860 309 924 laudabile
341 859 527 924 naturaliter
559 859 685 937 eminet,
715 878 775 922 non
808 859 869 923 nisi
897 877 972 922 uera
1000 857 1116 942 pietate
1144 861 1298 942 purgatur

144 967 253 1050 adque
276 965 447 1050 perficitur,
470 966 621 1048 inpietate
645 969 752 1030 autem
777 965 970 1048 disperditur
993 970 1026 1029 et
1043 966 1182 1048 punitur.
1206 965 1298 1029 Nunc

106 1074 212 1144 niam
243 1074 324 1158 elige
352 1073 429 1156 quid
453 1074 605 1156 sequaris,
630 1076 666 1137 ut
693 1092 754 1138 non
781 1073 813 1136 in
837 1075 880 1148 te,
905 1071 1015 1137 sedin
1039 1072 1107 1136 Deo
1131 1090 1206 1136 uero
1230 1073 1298 1137 sine

144 1181 216 1246 ullo
247 1199 349 1244 errore
377 1179 522 1244 lauderis.
559 1179 649 1242 Tunc
677 1177 759 1243 enim
787 1177 848 1243 tibi
876 1177 977 1263 gloria
998 1177 1160 1259 popularis
1185 1177 1296 1254 adfuit,

145 1289 207 1353 sed
240 1289 365 1352 occulto
398 1287 522 1352 diuinae
554 1285 772 1370 prouidentiae
803 1285 921 1350 iudicio
953 1304 1029 1349 uara
1060 1284 1170 1370 religio
1203 1305 1297 1368 quam

146 1395 285 1478 eligeres
315 1395 426 1460 deluit.
465 1394 699 1478 Expergisoere‚
724 1393 791 1456 dies
815 1395 874 1468 est,
899 1393 983 1456 siout
1006 1395 1185 1474 experrecta
1208 1411 1241 1456 es
1265 1393 1296 1456 in

146 1501 352 1583 quibusdam,
372 1501 410 1566 de
435 1519 569 1583 quorum
592 1501 712 1564 uirtute
734 1499 875 1583 perlecta
898 1502 931 1563 et
952 1517 1008 1582 pro
1027 1498 1089 1564 lide
1107 1518 1183 1563 uera
1201 1499 1295 1563 etiam

95 1638 126 1676 ιο
146 1609 351 1692 passionibus
380 1607 561 1692 gloriamur,
590 1607 643 1690 qui
676 1625 904 1689 usquequaque
936 1605 1089 1670 aduersus
1121 1609 1297 1690 potestates

146 1715 387 1781 inimicissimas
416 1713 621 1798 confligentes
650 1732 766 1795 easque
793 1714 918 1777 fortiter
944 1712 1106 1778 moriendo
1134 1712 1296 1777 uincentes

51 1861 66 1876 ·
147 1821 303 1906 sanguino
327 1820 418 1886 nobis
442 1821 522 1885 hanc
546 1820 680 1903 patriam
703 1839 851 1903 peperere
876 1839 944 1885 suo.
973 1819 1022 1884 Ad
1047 1837 1139 1899 quam
1164 1819 1298 1902 patriam

147 1934 182 1993 te
206 1928 380 1992 inuitemus
404 1930 435 1992 et
459 1927 668 2004 exhortamur,
688 1929 726 1990 ut
748 1925 817 1990 eius
841 1924 987 1990 adiciaris
1011 1943 1141 1989 numero
1166 1925 1296 2002 ciuium,

147 2036 243 2100 cuius
277 2032 414 2117 quodam
446 2032 540 2098 modo
573 2033 697 2116 asylum
731 2036 780 2097 est
812 2052 887 2097 uera
912 2031 1057 2097 remissio
1084 2035 1297 2114 peccatorum.

99 2171 126 2210 rs
146 2141 220 2206 Non
249 2140 360 2205 audias
388 2139 560 2224 degeneres
588 2143 662 2204 tuos
687 2138 813 2205 Christo
838 2137 1067 2205 Christianisne
1095 2138 1296 2204 detrahentes

147 2251 182 2312 et
215 2251 401 2312 accusantes
433 2247 525 2312 uelut
556 2249 698 2329 tempora
729 2245 822 2327 mala,
855 2265 926 2310 cum
960 2248 1113 2328 quaerant
1144 2250 1296 2329 tempora,

146 2355 268 2438 quibus
292 2375 353 2420 nou
378 2354 421 2420 sit
444 2355 549 2437 quieta
573 2353 651 2431 uita,
676 2353 732 2418 sed
755 2353 863 2436 potius
888 2371 998 2417 secura
1021 2352 1172 2435 nequitia.
1210 2353 1297 2416 Haec

145 2463 209 2527 tibi
238 2480 411 2543 numquam
440 2479 498 2526 neo
525 2479 581 2543 pro
609 2463 733 2524 terrena
755 2460 857 2544 patria
880 2461 1077 2541 placuerunt.
1118 2459 1212 2524 Nunc
1234 2459 1298 2523 iam

145 2571 321 2634 caelestem
338 2567 449 2650 arripe,
464 2587 519 2651 pro
537 2586 597 2649 qua
617 2567 783 2631 minimum
803 2566 973 2640 laborabis,
989 2569 1021 2631 et
1039 2567 1070 2630 in
1090 2585 1127 2630 ea
1145 2565 1299 2630 ueraciter

96 2703 125 2743 ιο
145 2694 338 2758 semperque
365 2675 522 2760 regnabis.
559 2674 631 2738 lllio
659 2673 741 2738 enim
771 2673 831 2739 tibi
857 2693 917 2739 non
942 2673 1082 2738 Vestalis
1110 2673 1211 2750 locus,
1236 2691 1297 2737 non

144 2783 231 2866 lapis
257 2781 465 2864 Capitolinus,
490 2779 546 2846 sed
571 2781 657 2846 Deus
681 2801 765 2846 unus
790 2786 822 2846 ot
845 2800 939 2846 uerus

418 2927 472 2968 nec
495 2913 586 2968 metas
609 2927 703 2968 rernm
727 2927 780 2968 nec
803 2913 934 2984 tempora
955 2909 1047 2986 ponit,

238 3000 395 3073 Imperium
420 2999 482 3058 sine
505 2999 562 3058 fine
587 2999 677 3058 dabit.

192 3119 270 3185 Noli
298 3119 373 3184 deos
403 3120 500 3185 lalnos
528 3119 721 3203 fallacesque
748 3119 920 3203 requirere;
949 3119 1037 3184 abice
1064 3119 1171 3204 potius
1195 3119 1297 3202 adque

98 3258 124 3296 a
146 3231 317 3294 contemne
340 3228 371 3292 in
395 3245 502 3292 ueram
528 3227 664 3292 emicans
688 3227 878 3292 libertatem.
907 3227 977 3292 Non
1002 3229 1078 3292 sunt
1101 3225 1143 3304 di,
1167 3226 1296 3310 maligni

147 3339 225 3401 suut
256 3333 400 3418 spiritus,
430 3334 546 3418 quibus
579 3338 705 3399 aeterna
736 3337 793 3398 tua
824 3333 960 3398 felicitas
993 3353 1093 3418 poena
1125 3336 1184 3398 est.
1226 3332 1297 3397 Non

239 3567 275 3622 22
294 3566 374 3636 Verg.
395 3565 459 3620 Aen.
479 3565 501 3635 1,
520 3567 573 3621 278
592 3583 631 3637 sq.

184 3711 201 3764 2
222 3706 389 3778 mammem,
409 3708 497 3762 erosis
515 3707 625 3762 ductae
643 3709 687 3762 uel
702 3709 790 3763 tribuo
804 3710 909 3772 litteris,
927 3709 951 3764 0
1003 3710 1019 3764 3
1038 3709 1213 3764 laudauiliter
1226 3709 1297 3763 Lll¹

147 3797 388 3869 dinpietaterirO
470 3801 561 3852 autem
579 3814 638 3866 sup.
658 3798 746 3853 linat*
816 3797 974 3868 dispertitur
992 3797 1021 3852 b²
1091 3801 1213 3870 punitur]
1230 3807 1297 3854 ‘nra-

149 3887 198 3940 lt'm
217 3886 357 3957 polluitur*
377 3886 476 3942 Domb.
541 3889 558 3940 5
578 3886 654 3956 elego
676 3886 708 3939 0¹
774 3889 788 3941 7
809 3888 918 3941 diuinae
936 3887 1041 3958 prouid.
1060 3887 1160 3942 iudicio
1179 3889 1246 3952 Lu,
1265 3889 1297 3942 iu

148 3976 174 4029 L
193 3993 228 4030 m.
249 3979 270 4030 2
288 3975 447 4044 tranopoao't.
467 3975 611 4040 indicam·
628 3974 683 4029 iud.
704 3974 788 4029 diuin.
808 3975 912 4045 prouid.
935 3975 1068 4033 Uultu
1139 3977 1155 4030 8
1175 3977 1296 4046 elegeres

149 4063 403 4134 L;legeresd0¹
442 4065 599 4168 d9etuup.
620 4065 669 4118 lin.
689 4063 716 4117 L
772 4065 805 4119 10
823 4081 1017 4134 usquequaque
1038 4065 1071 4118 0¹
1137 4067 1169 4119 12
1188 4082 1297 4136 perper-

149 4195 213 4250 perc
235 4179 269 4234 0¹
325 4181 360 4234 14
379 4179 494 4251 quodam
512 4179 551 4246 L,·
570 4179 705 4250 quoddam
724 4181 759 4236 Δ1
816 4183 849 4234 15
868 4180 1016 4250 degeneros
1035 4180 1058 4234 e¹
1123 4181 1155 4235 18
1174 4165 1296 4251 propter·

149 4286 214 4322 rena
232 4273 257 4324 Δ
313 4269 346 4324 19
364 4267 704 4339 lauorabis-regnauisL
758 4271 791 4323 21
813 4270 1017 4340 capitolinusO
1068 4271 1103 4324 22
1121 4271 1199 4341 ponit
1218 4270 1296 4326 codd.

145 4361 259 4427 praeter
277 4373 309 4426 q;
326 4361 411 4427 ponet
429 4373 470 4428 qo
523 4359 557 4413 25
578 4361 740 4428 oontemlne,
760 4377 777 4429 p
797 4376 877 4424 arua,
897 4359 919 4412 C
989 4360 1077 4416 liuert.
1096 4359 1123 4414 L
