3136 4928
394 457 443 512 Da
471 457 644 512 ciuitate
673 458 733 511 dei
761 457 826 515 lib.
852 457 884 511 X.
913 474 989 527 cap.
1014 458 1057 512 25.
1239 461 1303 525 489

157 656 244 718 sunt
268 641 403 717 munda
427 655 546 718 erunt.
569 652 696 717 Partem
721 651 833 716 deinde
858 671 948 718 snam
969 653 1047 718 dioit
1063 654 1170 736 ipsum
1190 654 1304 730 Deum,

155 778 217 824 non
242 758 363 841 aliquid
386 760 423 823 ab
448 778 495 838 eo,
520 759 576 824 sed
598 759 713 842 ipsum.
739 759 850 836 Deus,
875 759 987 842 inquit,
1012 759 1139 825 cordis
1163 761 1244 836 mei,
1269 763 1306 824 et

155 886 242 949 pars
274 886 354 930 mea
381 867 481 932 Deus
517 865 552 930 in
585 867 751 942 saecula3
786 866 985 948 quod'inter
1016 867 1127 940 multa,
1157 885 1237 949 quae
1266 867 1303 930 ab

155 973 338 1038 hominibus
363 974 535 1057 eliguntur,
555 973 623 1056 ipso
647 974 695 1037 illi
718 973 874 1054 placuerit
892 973 1067 1058 eligendus.
1093 971 1186 1051 Quia
1209 993 1304 1050 ecoe,

130 1079 270 1162 stupuit,
297 1079 360 1162 qui
388 1080 498 1163 longe
528 1098 565 1144 se
594 1079 740 1144 faciunt
764 1099 782 1144 a
810 1082 856 1150 te,
881 1079 1072 1162 peribunt;
1101 1079 1305 1162 perdidisti

158 1206 310 1264 omnem,
344 1187 408 1268 qni
439 1186 652 1250 fornicatur
684 1186 748 1250 abs
782 1189 829 1264 te,
857 1187 918 1250 hoo
951 1190 1009 1264 ost,
1045 1187 1099 1268 qui
1132 1187 1304 1250 rnnltorunr

158 1292 287 1356 deorum
316 1294 387 1357 uult
416 1311 485 1357 esse
514 1293 737 1374 prostibulum.
776 1291 865 1357 Unde
894 1293 1039 1375 sequitur
1065 1292 1155 1370 illud,
1180 1297 1308 1375 propter

158 1398 244 1480 quod
277 1404 310 1463 et
342 1403 448 1463 uetera
475 1399 513 1462 de
542 1399 803 1482 eodenr'psalmo
834 1398 965 1464 dicenda
992 1399 1063 1462 uisa
1091 1402 1179 1464 sunt:
1213 1399 1307 1463 Mihi

158 1509 286 1570 autem
311 1507 513 1571 adhaerere
537 1507 613 1572 Deo
637 1506 772 1570 bonurn
798 1511 866 1582 est,
891 1525 951 1570 non
974 1506 1069 1590 longe
1094 1507 1229 1582 irenen
1252 1523 1307 1586 per

116 1634 138 1672 ιο
158 1613 296 1695 plurima
323 1613 479 1678 fornicari.
518 1613 696 1676 Adhaerere
721 1615 827 1676 autern
851 1613 918 1677 Deo
941 1615 1017 1676 tune
1040 1613 1213 1695 perfeetum
1239 1611 1307 1686 orit,

159 1739 230 1784 oum
253 1722 369 1796 totum,
391 1719 476 1803 quod
500 1721 695 1785 liberandum
720 1723 779 1801 est,
799 1721 896 1784 fuerit
916 1719 1097 1786 liberatum.
1122 1719 1213 1782 Nune
1232 1736 1306 1781 nero

157 1824 193 1889 fit
216 1827 307 1901 illud,
329 1826 414 1908 quod
434 1826 590 1907 seqnitur:
616 1827 758 1891 Ponere
782 1827 818 1890 in
838 1827 914 1891 Deo
940 1845 1041 1909 spem
1064 1845 1190 1890 meam.
1216 1823 1307 1906 Spes

158 1933 241 1996 enim
280 1951 373 2014 quae
410 1931 575 2008 uidetur,
610 1952 678 1997 non
712 1937 772 1996 est
804 1951 905 2014 spes3
944 1931 1041 2015 quod
1073 1931 1169 1995 enim
1201 1931 1308 1995 uidet

159 2038 254 2122 quis,
283 2039 373 2120 quid
406 2041 554 2120 sperat?
588 2039 633 2103 ait
666 2039 840 2121 apostolus.
881 2037 918 2104 Si
951 2041 1074 2102 antem
1109 2037 1205 2120 qnod
1238 2056 1306 2102 non

116 2167 141 2207 ra
159 2144 335 2208 uidemus
360 2163 566 2226 speramus,
585 2163 651 2225 per
674 2143 897 2227 patientiam
918 2147 1169 2225 expectamus.
1194 2142 1229 2205 In
1249 2143 1308 2206 hae

157 2255 263 2314 autem
297 2271 352 2332 spe
386 2270 467 2315 nune
497 2250 664 2316 constituti
692 2270 823 2333 agamus
853 2249 937 2330 quod
966 2249 1119 2332 sequitur,
1148 2251 1180 2312 et
1208 2249 1308 2312 simus

157 2375 214 2420 nos
239 2375 365 2440 qnoque
388 2376 443 2439 pro
467 2357 597 2421 modulo
622 2359 730 2420 nostro
756 2356 860 2439 angeli
885 2356 953 2430 Dei,
973 2355 1005 2418 id
1030 2359 1079 2419 est
1102 2356 1204 2419 nuntii
1229 2355 1307 2432 eius,

157 2463 379 2528 adnuntiantes
403 2465 472 2528 eins
493 2464 690 2528 uoluntatem
710 2469 743 2526 et
762 2462 895 2548 gloriam
916 2462 1114 2546 gratiamque
1131 2461 1307 2526 laudantes.

156 2569 248 2634 Unde
276 2589 348 2634 oum
377 2570 523 2634 dixisset:
556 2571 698 2634 Ponere
727 2571 762 2634 in
790 2570 868 2633 Deo
898 2588 1000 2652 spem
1030 2589 1154 2646 meam,
1183 2571 1225 2632 ut
1252 2567 1309 2632 ad-

115 2677 338 2753 annuntiem,
369 2677 485 2757 inquit,
516 2695 641 2740 ornnes
679 2677 813 2742 landes
850 2681 937 2740 tuas
975 2677 1010 2738 in
1046 2676 1169 2758 portis
1201 2659 1308 2739 filiae

159 2781 256 2848 Sion.
292 2783 379 2846 Haeo
408 2786 457 2847 est
484 2783 716 2866 gloriosissima
742 2783 856 2846 ciuitas
880 2783 952 2846 Dei:
981 2783 1060 2846 haec
1083 2802 1182 2846 unum
1205 2782 1306 2846 Deum

159 2890 250 2953 nouit
273 2893 306 2953 et
329 2890 419 2971 oolit;
448 2889 529 2954 hano
554 2890 658 2973 angeli
683 2890 784 2954 saneti
809 2889 1086 2968 adnuntiauerunt‚
1111 2889 1245 2971 quinos
1270 2886 1308 2950 ad

160 2997 227 3060 eius
253 2997 437 3062 sociotatem
461 2998 680 3061 inuitauerunt
704 2997 855 3079 niuesque
879 3015 955 3060 snos
979 2997 1009 3060 in
1033 2997 1089 3059 illa
1113 3014 1182 3060 esse
1200 2995 1308 3060 uolne-

158 3108 246 3180 rnnt3
281 3105 396 3186 quibus
430 3123 490 3168 non
524 3105 629 3186 plaoet
663 3108 699 3167 ut
731 3121 785 3167 eos
819 3104 961 3168 oolarnus
994 3105 1155 3184 tamquam
1184 3105 1308 3166 nostros

114 3236 140 3276 aa
160 3209 247 3284 deos,
282 3211 338 3276 sed
372 3230 444 3274 oum
478 3212 523 3275 eis
557 3216 589 3275 et
621 3210 749 3274 illorum
783 3212 815 3274 et
846 3213 988 3275 nostrum
1023 3209 1140 3284 Deum3
1174 3227 1230 3272 neo
1263 3208 1309 3272 eis

160 3318 383 3398 sacrificemus
418 3319 472 3383 sed
507 3337 578 3382 ourn
621 3317 700 3400 ipsis
738 3315 929 3381 saorifioiunr
959 3317 1059 3380 simus
1087 3316 1165 3379 Deo.
1211 3314 1308 3379 Nullo

159 3423 267 3506 itaque
310 3425 486 3500 dubitante,
528 3425 582 3507 qui
622 3426 702 3488 haeo
739 3423 884 3506 deposita
922 3423 1061 3506 maligna
1098 3422 1310 3486 obstinatione

160 3531 348 3610 considerat,
378 3549 487 3596 ornnes
521 3531 705 3595 inmortales
738 3530 834 3606 beati,
865 3531 917 3612 qui
951 3529 1041 3594 nobis
1074 3549 1134 3592 non
1167 3527 1311 3591 inuident

159 3635 276 3722 (neque
305 3639 388 3703 enim
417 3639 444 3704 si
471 3638 661 3716 inniderent,
687 3640 794 3702 essent
816 3635 925 3723 beati),
951 3637 1006 3702 sed
1030 3637 1136 3718 potius
1160 3655 1216 3700 nos
1241 3634 1310 3698 dili-

252 3891 285 3942 12
304 3891 381 3945 Rom.
401 3891 427 3953 8,
447 3892 482 3944 24
502 3907 542 3959 sq.

195 4068 212 4120 4
231 4067 290 4137 ipse
310 4067 335 4120 ei
355 4067 522 4136 placueruts
577 4067 593 4119 5
612 4067 694 4134 longe
714 4083 743 4119 se
762 4066 876 4135 sariunt]
894 4065 1068 4134 elongantes
1084 4082 1101 4117 a
1156 4065 1173 4118 6
1192 4079 1311 4116 ornness

158 4155 327 4208 fornicantur
347 4154 400 4208 a¹s
471 4156 501 4208 11
523 4155 593 4224 curn]
615 4154 722 4223 quando
744 4155 788 4207 ab
855 4154 886 4206 12
907 4153 1016 4206 domino
1037 4153 1085 4208 deo
1107 4170 1125 4206 a
1195 4153 1227 4206 14
1246 4151 1311 4221 quid

161 4246 253 4314 sperat
273 4241 486 4311 ao²pson²v;
506 4243 570 4313 quid
590 4247 618 4297 ot
637 4245 729 4314 sperat
748 4242 894 4304 b¹allt¹f
978 4243 1114 4348 lttsimus
1133 4243 1193 4310 nos]
1212 4241 1310 4294 soinrua

162 4375 265 4414 nunes
319 4360 558 4414 25nostrorurnb
614 4359 725 4412 aeneo
745 4360 863 4413 sirnuso
917 4360 951 4413 29
972 4325 1174 4413 e'euutbeatil
