3072 4928
366 446 416 500 De
441 445 615 499 ciuitate
639 441 702 496 dei
723 441 788 498 lib.
812 441 861 495 111.
887 457 962 511 cap.
987 442 1030 495 21.
1220 444 1281 506 147

126 643 167 706 de
197 641 328 706 miseria
355 657 564 716 murmurare,
594 638 649 703 aed
678 637 762 702 sicut
789 641 865 701 tunc
887 637 1030 720 Regulus
1059 639 1091 700 et
1114 634 1282 720 Saguntini

126 748 304 814 excruciati
326 746 520 811 horribiliter
543 746 639 810 etiam
662 746 789 828 penitus
813 743 951 807 interire.

58 961 71 996 .
232 1015 236 1024 ,
577 934 721 1002 'carun
744 936 829 1002 111.

126 1081 254 1161 Quam
277 1080 443 1163 ingrata
465 1079 595 1144 fuerit
613 1079 786 1144 Romana
810 1079 962 1145 ciuitas
982 1078 1166 1162 Scipioni
1185 1080 1281 1146 libe-

91 1187 260 1253 sratori
295 1205 366 1251 suo
400 1190 438 1250 et
470 1186 507 1250 iu
547 1185 695 1268 quibus
732 1186 906 1250 moribus
945 1187 1088 1271 egerit,
1122 1186 1279 1268 quando

232 1313 315 1358 eam
340 1292 570 1359 Sallustius
594 1293 787 1377 optimam
810 1293 942 1358 fuisse
967 1293 1177 1358 describit.

171 1435 271 1500 Porro
295 1434 379 1498 iuter
402 1433 577 1498 secundum
601 1436 634 1496 et
656 1437 853 1516 postremum
871 1433 992 1497 bellum
1013 1433 1280 1518 Carthaginiense,

125 1541 254 1626 quando
280 1541 453 1607 Sallustius
482 1539 611 1622 optimis
635 1539 777 1604 moribus
801 1542 832 1603 et
857 1539 991 1604 maxima
1015 1541 1180 1605 concordia
1204 1542 1282 1607 dixit

124 1650 234 1734 egisse
253 1649 412 1713 Romanos
432 1645 549 1731 (multa
572 1647 655 1710 eninr
679 1649 838 1730 praetereo
864 1647 1005 1728 suscepti
1028 1647 1130 1730 operis
1149 1649 1280 1714 modum

79 1780 106 1816 ιο
126 1755 302 1840 cogitans),
314 1755 422 1820 eodem
436 1755 506 1838 ipso
522 1773 595 1839 ergo
611 1758 751 1836 tempore
767 1773 892 1817 morum
908 1753 1099 1836 optimorum
1114 1755 1280 1820 maximae-

126 1882 189 1946 que
225 1861 410 1926 concordiae
443 1861 549 1944 Scipio
581 1858 637 1924 ille
669 1859 787 1924 Romae
814 1859 988 1942 Italiaeque
1016 1859 1165 1926 liberator
1197 1862 1280 1926 eius-

125 1969 264 2051 demque
292 1967 368 2032 belli
391 1967 504 2034 Punici
533 1966 663 2032 secundi
691 1971 757 2028 tam
785 1965 941 2042 horrendi,
965 1970 1029 2029 tam
1054 1966 1189 2044 exitiosi,
1214 1973 1278 2033 tam

124 2074 302 2159 periculosi
326 2073 505 2157 praeclarus
529 2072 748 2155 mirabilisque
773 2073 941 2148 consector,
966 2072 1069 2136 uictor
1091 2073 1278 2139 Hannibalis

126 2181 329 2263 domitorque
350 2179 560 2264 Carthaginis,
580 2180 672 2244 cuius
697 2180 734 2243 ab
760 2179 975 2244 adulescentia
999 2179 1067 2243 uita
1090 2180 1280 2244 describitur

78 2311 105 2352 1⁵
125 2289 175 2352 dis
206 2287 315 2352 dedita
337 2287 528 2370 templisque
557 2287 685 2365 nutrita,
708 2285 909 2350 inimicorum
933 2286 1188 2351 accusationibus
1213 2306 1279 2352 ces-

125 2395 169 2459 ait
204 2413 375 2474 carensque
408 2393 519 2476 patria,
553 2412 647 2475 quam
681 2411 738 2457 sua
769 2393 889 2456 uirtute
922 2393 1044 2456 saluam
1078 2397 1109 2457 et
1145 2395 1276 2459 liberam

124 2500 275 2579 reddidit,
307 2500 340 2564 iu
373 2499 488 2582 oppido
520 2499 720 2564 Liuternensi
759 2499 826 2583 egit
860 2499 1013 2582 reliquam
1054 2502 1277 2585 conpleuitque

123 2609 239 2683 uitam,
272 2609 346 2690 post
377 2606 533 2689 insignem
571 2625 666 2670 suum
703 2605 901 2688 triumphum
938 2605 1025 2670 nullo
1064 2606 1151 2672 illius
1188 2610 1277 2674 urbis

125 2717 240 2796 captus
267 2712 433 2790 desiderio,
452 2713 498 2776 ita
522 2715 558 2775 ut
576 2712 710 2776 iussisse
729 2711 940 2794 perhibeatur,
961 2731 999 2776 ne
1019 2713 1132 2777 saltem
1151 2723 1276 2781 mortuo

77 2847 105 2886 11
123 2821 156 2885 in
185 2821 312 2904 ingrata
339 2819 441 2902 patria
470 2820 564 2884 funus
593 2817 690 2884 fieret.
727 2818 848 2882 Deinde
875 2822 951 2883 tunc
975 2819 1112 2902 primum
1136 2841 1193 2903 per
1217 2821 1275 2890 Gn.

123 2927 282 2992 Manlium
311 2925 533 3009 proconsulem
561 2925 600 2990 de
625 2923 842 3008 Gallograecis
866 2925 1114 3008 triumphantem
1137 2927 1278 2994 Asiatica

124 3034 250 3098 luxuria
268 3032 400 3097 Romam
425 3032 511 3096 omni
533 3033 626 3096 hoste
650 3033 738 3116 peior
760 3032 902 3114 inrepsit.
926 3031 1013 3096 Tunc
1038 3033 1120 3096 enim
1139 3035 1277 3118 primum

122 3139 201 3205 lecti
221 3139 319 3203 aerati
339 3143 371 3202 et
389 3139 529 3222 pretiosa
548 3139 690 3223 stragula
707 3139 779 3203 uisa
797 3139 1015 3222 perhibentur;
1034 3144 1110 3204 tunc
1129 3141 1276 3207 inductae

123 3247 155 3310 in
180 3245 333 3311 conuiuia
355 3245 504 3328 psaltriae
529 3248 561 3307 et
584 3245 645 3308 alia
667 3245 834 3309 licentiosa
857 3245 1008 3326 nequitia.
1042 3243 1104 3310 Sed
1132 3265 1214 3310 nuno
1237 3248 1275 3312 de

80 3377 107 3416 aa
123 3353 173 3416 his
202 3351 308 3428 malis,
333 3371 413 3435 quae
441 3351 681 3415 intolerabiliter
703 3350 846 3414 homiues
870 3351 1044 3432 patiuntur,
1068 3357 1128 3416 riou
1153 3351 1191 3418 de
1215 3353 1275 3428 his,

124 3479 205 3541 quae
229 3457 365 3522 libenter
387 3457 518 3536 faciunt,
543 3458 646 3522 dicere
669 3457 805 3522 institui.
835 3457 925 3522 Unde
949 3457 1030 3522 illud
1053 3459 1166 3542 magis,
1192 3461 1276 3542 quod

125 3566 162 3629 de
183 3565 331 3648 Scipione
357 3563 614 3642 commemoraui,
635 3564 718 3646 quod
738 3565 849 3630 cedens
868 3564 1005 3629 inimicis
1026 3568 1112 3628 entra
1129 3567 1274 3650 patriam,

125 3691 219 3754 quam
248 3671 407 3748 liberauit,
432 3675 576 3736 mortuus
605 3675 664 3753 est,
689 3671 727 3735 ad
754 3675 951 3754 praesentem
974 3671 1111 3754 pertinet
1134 3671 1274 3755 disputa·

214 3873 239 3960 a¹
251 3905 322 3959 nass.
341 3904 355 3958 1
405 3905 439 3958 aa
458 3905 518 3958 niu.
537 3905 701 3970 xxxvnn,
722 3907 737 3960 c

162 4065 177 4117 'l
198 4063 319 4134 chartag.
340 4071 365 4119 ct
382 4065 582 4135 1111111111ηο
636 4067 669 4121 10
688 4067 747 4138 ipso
767 4069 877 4172 ergolltl⁸
884 4083 897 4120 e
902 4083 923 4136 p
935 4083 965 4134 q;
984 4082 1048 4135 ergo
1067 4066 1126 4135 ipso
1145 4063 1273 4119 Oratha

129 4180 158 4233 ll
179 4179 622 4250 1111111101111111(1ε1111111110111111
679 4181 930 4247 rossemanno
984 4184 1017 4235 14
1037 4181 1274 4249 dominatorquce

129 4268 398 4340 chartagiinp'lj'lisO
450 4271 485 4326 20
504 4269 670 4340 Gh.de;
689 4287 788 4340 gneum
807 4272 881 4337 rell.;
900 4271 1035 4325 Cnenmu
1099 4271 1131 4324 21
1152 4269 1273 4322 mallium

128 4355 203 4413 codd.
258 4358 440 4420 2311111111Ι
509 4359 568 4414 uisa
585 4377 646 4429 cup.
667 4359 762 4414 limo
814 4361 849 4413 24
867 4358 1054 4414 licentioraO

1188 4463 1235 4517 lo·
