3164 4932
287 402 351 466 616
485 459 487 466 ,
587 457 590 464 Α
633 398 660 456 S.
689 397 847 454 Aurelii
874 399 1091 469 Augustini

286 594 403 658 descrit
435 593 532 670 Dens,
571 593 656 657 sicut
694 593 844 674 corporis,
878 612 950 657 cunr
983 593 1016 658 id
1049 593 1168 660 deserit
1199 593 1312 658 anima.
1357 595 1438 680 Ergo

283 702 452 782 utriusque
484 700 539 777 roi,
572 700 605 763 id
639 701 689 764 ost
720 700 822 764 totius
851 699 999 778 hominis,
1029 719 1115 765 mors
1143 703 1203 778 est,
1232 719 1306 765 curn
1336 704 1439 767 anima

284 809 352 872 Deo
381 807 506 872 deserta
535 806 654 872 deserit
681 825 805 890 corpus.
843 807 893 870 Its
920 807 1003 871 eninr
1027 826 1085 872 nee
1109 827 1145 871 er
1169 807 1236 872 Deo
1260 809 1348 872 uiuit
1369 810 1439 892 ipsa

284 933 342 1002 nec
366 933 480 998 corpus
506 932 542 977 ex
564 913 643 996 ipse.
668 913 774 978 Huius
794 913 880 978 modi
900 916 1007 978 eutem
1027 914 1127 979 totius
1147 914 1284 979 hominis
1304 919 1438 980 mortem

283 1020 340 1086 ille
368 1021 522 1104 seqnitur,
552 1039 647 1101 qnam
675 1020 846 1084 secundom
875 1023 1009 1084 mortem
1034 1020 1214 1085 diuinorum
1239 1021 1438 1104 eloquiorum
1467 1045 1479 1083 s

285 1126 426 1210 appellnt
449 1127 630 1193 auctoritas,
668 1127 758 1190 Hanc
782 1125 930 1191 Seluetor
953 1127 1158 1210 significauit,
1182 1127 1320 1192 ubisit:
1345 1129 1438 1192 llum

287 1234 443 1311 timete,
469 1233 536 1316 qui
561 1232 682 1296 habet
705 1235 956 1314 potestatem
980 1238 1019 1298 et
1042 1252 1187 1316 corpus
1213 1236 1251 1298 et
1269 1233 1437 1298 animem

284 1339 453 1422 perdere
476 1339 514 1402 in
538 1339 772 1422 gehennom.
794 1337 885 1417 Quod
905 1357 976 1403 cum
998 1343 1070 1404 ente
1089 1359 1149 1404 non
1171 1339 1235 1418 fiat,
1251 1359 1346 1423 qnam
1367 1360 1437 1404 curn

286 1445 390 1510 animo
419 1445 540 1528 corpori
570 1446 616 1510 sic
645 1445 742 1510 fuerit
770 1446 927 1529 copulata,
952 1450 989 1510 ut
1016 1446 1104 1511 nulla
1131 1445 1318 1510 diremtione
1353 1466 1437 1528 sepa-

284 1555 407 1616 rentur:
444 1551 561 1616 mirum
597 1551 698 1616 uideri
736 1557 844 1634 potest
881 1572 944 1634 quo
980 1553 1074 1617 modo
1112 1571 1226 1635 eorpus
1264 1572 1300 1617 ea
1338 1557 1478 1617 morteto

285 1657 535 1736 dicaturoccidi,
552 1678 615 1740 qua
633 1678 692 1723 non
714 1660 817 1724 anime
835 1659 999 1736 deseritur,
1016 1659 1072 1724 sed
1092 1660 1264 1724 animatum
1286 1660 1438 1724 sentiens-

286 1785 346 1847 qne
376 1764 542 1829 crucietur.
585 1764 667 1830 Nam
694 1763 726 1830 in
755 1765 810 1830 illa
838 1766 952 1830 ultima
979 1785 1081 1848 poena
1109 1785 1145 1831 ec
1174 1765 1437 1848 sempite1·na,dc

286 1891 349 1952 qna
377 1890 435 1936 sno
463 1869 533 1935 ioco
559 1868 746 1955 diligentius
771 1871 989 1936 disserendum
1014 1876 1073 1946 est,
1097 1877 1183 1937 recte
1207 1891 1292 1937 mors
1317 1873 1437 1936 enimse

286 1977 412 2055 dicitnr,
437 1977 594 2059 quianon
619 1979 703 2044 uiuit
726 1998 762 2043 ex
787 1980 866 2054 Deo;
897 1999 981 2044 nrors
1006 1983 1113 2044 autem
1137 1979 1277 2061 corporis
1302 1998 1437 2061 quonam

285 2083 389 2160 modo,
414 2103 486 2149 eum
510 2085 602 2150 uinat
625 2103 660 2149 ex
686 2085 811 2150 anime?
834 2086 905 2150 Non
930 2086 1015 2151 enim
1039 2087 1131 2152 aliter
1153 2088 1260 2169 potest
1283 2086 1355 2168 ipsu
1374 2104 1436 2150 eor·
1455 2109 1477 2147 o

285 2189 415 2272 penalia,
435 2209 514 2274 qnae
534 2195 609 2274 post
627 2193 891 2258 resurrectionem
909 2193 1017 2259 future
1036 2195 1120 2272 sunt,
1140 2193 1256 2257 sentire
1272 2195 1437 2258 tormenta.

285 2297 334 2361 An
364 2297 438 2379 qnia
466 2298 533 2362 uite
560 2299 803 2382 qualiscumque
832 2300 959 2383 aliquod
987 2299 1105 2364 bonum
1134 2297 1307 2374 concolor
1332 2303 1435 2362 antem

285 2403 416 2482 melum,
444 2403 514 2470 ideo
543 2425 600 2470 neo
628 2405 736 2470 ninere
765 2425 879 2489 corpus
909 2407 1075 2472 dicendum
1103 2410 1163 2484 est,
1191 2405 1222 2469 in
1248 2425 1309 2488 qno
1335 2405 1437 2470 enims

286 2509 347 2574 non
381 2510 510 2576 uiuendi
539 2530 634 2576 cause
662 2515 721 2592 est,
751 2514 807 2577 sed
836 2513 984 2578 dolendi?
1017 2513 1109 2578 Viuit
1136 2513 1242 2594 itaque
1270 2511 1376 2577 anima
1403 2531 1436 2576 er

286 2615 364 2694 Deo,
393 2636 466 2681 curn
495 2616 579 2681 uiuit
606 2617 699 2694 bene;
728 2639 788 2684 non
813 2620 895 2684 eninr
918 2623 1027 2703 potest
1048 2621 1127 2684 bene
1150 2619 1260 2683 ninere
1283 2617 1348 2682 nisi
1371 2617 1435 2681 Deo
1452 2639 1475 2678 ro

285 2724 317 2786 in
343 2741 377 2788 se
401 2726 548 2807 operante
573 2724 656 2806 quod
680 2725 799 2790 bonnm
818 2727 881 2802 est3
905 2726 990 2790 uiuit
1008 2730 1115 2790 autem
1134 2744 1248 2808 corpus
1268 2743 1305 2788 ex
1324 2725 1435 2798 anime,

287 2849 360 2896 enm
383 2830 487 2895 anime
510 2831 594 2894 uiuit
617 2832 654 2896 in·
675 2851 813 2914 corpore,
839 2851 896 2896 sen
919 2833 1011 2898 uiuat
1033 2833 1104 2916 ipse
1126 2851 1184 2897 seu
1207 2849 1268 2896 non
1292 2831 1435 2895 niuster

287 2935 365 3000 Deo.
389 2937 550 3020 inpiorum
574 2957 709 3022 namque
733 2940 765 3002 in
790 2939 974 3022 corporibus
997 2939 1066 3003 uite
1087 2959 1148 3004 nou
1172 2938 1359 3014 animarum,
1383 2935 1434 3002 sed

287 3062 453 3125 corporum
481 3045 549 3108 nite
576 3047 639 3120 est;
669 3065 763 3128 qnam
787 3047 924 3127 posenni
947 3045 993 3110 eis
1017 3046 1139 3112 animae
1163 3044 1259 3109 etiam
1283 3047 1434 3118 mortuae,

286 3151 347 3216 hoc
374 3153 424 3216 est
446 3152 512 3218 Deo
541 3151 714 3230 deserente,
743 3151 1033 3235 quantulacumque
1062 3153 1187 3236 propris
1214 3152 1292 3229 uita,
1317 3170 1354 3218 er
1377 3170 1435 3234 qua
1451 3173 1472 3210 e
1555 3183 1556 3206 2

288 3262 321 3322 et
346 3259 531 3324 inmortales
560 3262 645 3334 sunt
673 3279 733 3324 non
763 3258 947 3338 desistente,
976 3259 1126 3324 consone.
1154 3259 1274 3324 Verum
1297 3258 1328 3322 in
1353 3257 1434 3322 dnm·

287 3365 412 3430 natione
439 3367 614 3432 nouissime
642 3367 788 3450 quemuis
817 3367 911 3431 homo
940 3365 1056 3430 sentire
1079 3385 1138 3431 non
1163 3365 1296 3443 desinet,
1320 3368 1434 3438 temen,

288 3471 362 3552 quis
395 3491 506 3538 sensus
539 3474 607 3556 ipse
640 3492 698 3538 nec
730 3475 896 3555 uoluptate
929 3473 1037 3538 suanis
1067 3491 1123 3538 nec
1154 3473 1260 3555 quiete
1288 3471 1433 3544 salubris,

378 3691 393 3742 s
414 3689 498 3762 spos.
518 3693 543 3758 2,
565 3691 610 3756 rr;
631 3692 673 3752 21.
693 3691 709 3744 e
765 3691 849 3745 ent.
872 3691 913 3749 ro.
933 3691 967 3744 ee

327 3823 531 3928 ldelilerstl'
585 3856 1008 3926 3deonlpof5edeooo
1060 3856 1277 3926 BgehenneVe
1334 3856 1366 3911 10
1381 3873 1433 3910 cor·

288 3963 410 4018 pnsum.
432 3949 451 4001 1¹
531 3949 562 4000 11
591 3947 689 4016 quiet
763 3945 1434 4014 enimsVaelpt5inanimsb;ebanimer

290 4037 323 4088 12
338 4036 436 4088 ultime
448 4052 537 4104 poeno
555 4035 580 4088 V
587 4055 597 4102 ;
607 4051 695 4105 poena
709 4035 758 4088 ult.
772 4034 857 4088 reilo
909 4035 941 4088 13
957 4033 1116 4104 diligentins
1131 4050 1179 4087 suo
1193 4033 1284 4087 loenv
1337 4037 1370 4088 14
1383 4050 1432 4103 qno

290 4123 401 4178 modob
459 4125 491 4180 15
511 4127 590 4193 poter
612 4129 656 4190 (=
672 4123 783 4193 poterit)
804 4129 834 4176 ei
854 4140 888 4178 m.
904 4127 924 4178 2
941 4123 973 4176 ior
990 4139 1076 4176 ruse
1129 4124 1162 4176 21
1183 4125 1313 4192 operante
1332 4123 1360 4176 in
1379 4137 1433 4176 seo

289 4214 324 4266 22
340 4229 387 4265 seu
403 4218 467 4266 onte
482 4214 559 4266 niust
573 4229 606 4266 επ
620 4212 666 4266 sed
682 4228 750 4266 corr.
767 4213 791 4265 V
835 4213 870 4267 25
885 4211 936 4266 deo
952 4212 1093 4266 deserente
1109 4212 1159 4280 lp‚·
1172 4211 1223 4266 deo
1238 4210 1363 4266 desertae
1376 4210 1431 4265 reli.

290 4301 678 4368 Domb.;sDeodeserteeo
751 4318 870 4370 eqnsp
925 4301 1111 4371 scienotiam
1130 4300 1202 4371 ch
1275 4301 1431 4369 mortsleep
