3094 4932
250 428 291 490 26
597 421 623 477 S.
651 421 806 476 Aurelii
834 422 1051 492 Augustini

248 618 351 682 Deum
383 615 595 701 promeruisse
624 618 706 681 teste
738 616 848 700 angelo
878 615 1124 682 commendatur.
1164 615 1237 698 Ipse
1271 635 1394 700 quoque

247 725 402 789 Dominus
432 724 480 788 die
509 723 602 788 tortio
635 728 870 787 resurrecturus
902 723 1068 806 religiosae
1101 722 1244 788 mulieris
1276 723 1394 787 bonum

248 851 327 916 opus
351 829 513 914 praedicat
535 829 841 913 praedicandumque
865 829 1074 907 commendat,
1094 829 1177 912 quod
1198 833 1395 914 unguentum

246 939 423 1022 pretiosum
451 957 547 1020 super
574 938 716 1002 membra
747 937 815 1002 eius
849 937 994 1002 effuderit
1026 938 1127 1020 adque
1159 938 1219 1003 hoc
1251 937 1290 1002 ad
1323 957 1394 1002 eum

248 1045 464 1128 sepeliendum
491 1044 611 1108 fecerit.
649 1045 691 1109 Et
712 1043 914 1110 laudabiliter
937 1047 1223 1109 commemorantur
1245 1045 1277 1109 in
1302 1063 1394 1109 euan—
1423 1063 1434 1100 a

247 1151 329 1235 gelio
364 1151 417 1233 qui
450 1169 564 1232 corpus
598 1150 665 1215 eius
700 1149 738 1215 de
771 1168 862 1215 eruce
895 1153 1062 1234 acceptum
1095 1149 1263 1234 diligenter
1294 1151 1393 1234 adque

247 1257 417 1324 honorifice
450 1257 623 1343 tegendum
656 1257 934 1342 sepeliendumque
967 1261 1126 1325 currerunt.
1164 1259 1281 1324 Verum
1313 1259 1392 1324 istae

247 1365 452 1430 auctoritates
481 1384 542 1428 non
571 1365 632 1429 boc
661 1365 839 1444 admonent,
864 1366 949 1449 quod
976 1367 1053 1432 insit
1076 1366 1161 1432 nllus
1187 1365 1393 1432 cadaueribus

246 1491 369 1550 sensura,
403 1471 457 1536 sed
492 1471 530 1536 ad
563 1471 622 1536 Dei
658 1471 902 1554 prouidentiam,
936 1473 986 1538 cui
1022 1473 1148 1557 placent
1184 1474 1278 1538 etiam
1316 1475 1393 1538 talia
1527 1562 1528 1567 ἵ

243 1579 373 1661 pictatis
395 1577 507 1656 officia,
528 1596 658 1660 corpora
678 1598 803 1661 quoque
822 1583 1019 1644 mortuorum
1039 1579 1195 1663 pertinere
1215 1581 1393 1666 significant
1410 1599 1434 1632 ιο
1526 1593 1527 1602 ’

244 1690 370 1767 propter
397 1684 492 1749 fidem
519 1684 760 1750 resurrectionis
789 1686 1022 1751 adstruendam.
1056 1687 1117 1752 Ubi
1147 1690 1179 1751 et
1205 1687 1286 1751 illud
1310 1688 1392 1751 salu-

244 1791 343 1858 briter
367 1791 509 1869 discitur,
530 1795 647 1874 quanta
669 1792 773 1876 possit
797 1811 867 1856 esse
885 1793 1095 1858 remuneratio
1114 1812 1170 1876 pro
1191 1794 1390 1877 elemosynis,

244 1917 322 1980 quas
347 1897 532 1962 uiuentibus
558 1901 590 1962 et
613 1899 822 1963 sentientibus
847 1899 1041 1977 exhibemus,
1061 1899 1208 1983 sineque
1231 1900 1292 1965 boo
1316 1903 1392 1983 aput

244 2004 347 2069 Deum
375 2006 467 2088 perit,
493 2005 576 2087 quod
601 2005 753 2069 exanimis
776 2006 941 2070 bominum
964 2006 1115 2072 membris
1140 2006 1236 2071 officii
1259 2007 1390 2092 diligen·

242 2110 368 2194 tiaeque
391 2113 594 2194 persoluitur.
628 2111 711 2177 Sunt
734 2112 861 2195 quidem
885 2115 917 2177 et
939 2113 1010 2188 alia,
1035 2133 1114 2195 quus
1138 2114 1239 2178 sancti
1262 2116 1390 2198 patriar·
1408 2131 1431 2170 1⁵

244 2217 319 2282 cbae
349 2217 386 2281 de
415 2219 598 2302 corporibus
628 2220 695 2283 suis
724 2220 777 2284 uel
805 2219 974 2285 condendis
997 2220 1051 2285 uel
1074 2221 1298 2286 transferendis
1321 2239 1390 2304 pro·

240 2323 368 2405 photico
394 2325 507 2407 spiritu
532 2325 617 2390 dicta
639 2325 783 2410 intellegi
806 2327 988 2402 uoluerunt3
1014 2347 1076 2392 non
1100 2331 1206 2392 autem
1229 2329 1281 2393 hio
1298 2331 1389 2394 locus

247 2433 306 2508 est,
334 2433 371 2494 ut
399 2449 436 2495 ea
462 2434 703 2513 pertractemus,
732 2451 804 2496 cum
838 2433 997 2498 sufficiant
1028 2435 1100 2512 ista,
1130 2454 1210 2517 quae
1242 2435 1387 2501 diximus.

246 2536 307 2602 Sed
332 2537 360 2601 si
383 2557 428 2618 ea,
449 2557 527 2621 quae
552 2540 768 2604 sustentandis
792 2540 976 2606 uiuentibus
1001 2545 1076 2606 sunt
1098 2543 1390 2620 necessariarium

238 2643 352 2707 uictus
381 2647 413 2708 et
436 2645 583 2721 amictus,
608 2645 754 2726 quamuis
779 2665 850 2710 cum
875 2646 965 2730 graui
989 2647 1166 2713 adflictione
1190 2647 1304 2729 desint,
1327 2669 1388 2716 non
1406 2666 1429 2706 ro

244 2749 395 2835 frangunt
420 2750 452 2814 in
481 2752 570 2818 bonis
598 2753 773 2835 perferendi
800 2753 1018 2837 tolerandique
1050 2754 1203 2820 uirtutem
1235 2775 1292 2820 nec
1325 2775 1388 2821 era-

244 2856 349 2922 dicant
368 2859 526 2924 exanimo
545 2860 707 2942 pietatem,
727 2859 782 2924 sed
802 2861 1001 2926 exercitatam
1022 2860 1142 2927 iaciunt
1159 2861 1387 2928 fecundiorem:

244 2967 360 3044 quanto
388 2966 501 3049 magis,
526 2985 599 3030 cum
627 2966 741 3031 desunt
770 2985 815 3044 ea,
840 2986 919 3048 quae
948 2968 1093 3032 curandis
1120 2967 1284 3034 funeribus
1317 2989 1387 3035 con·

244 3068 417 3154 dandisque
437 3073 620 3156 corporibus
641 3072 859 3138 defunctorum
879 3075 1021 3139 adhiberi
1041 3075 1153 3153 solent,
1166 3095 1228 3141 non
1247 3075 1388 3142 efficiunt

242 3177 375 3242 miseros
404 3177 435 3242 in
466 3180 600 3245 occultis
628 3181 753 3264 piorum
778 3179 906 3246 sedibus
930 3181 994 3245 iam
1018 3182 1156 3264 quietos!
1181 3183 1226 3246 Ac
1249 3203 1306 3266 per
1328 3185 1388 3250 boo
1405 3200 1428 3240 2⁵

242 3283 365 3366 quando
393 3285 456 3349 ista
483 3286 689 3350 cadaueribus
715 3285 965 3352 Christianorum
992 3287 1024 3352 in
1053 3287 1106 3351 illa
1136 3307 1266 3372 magnae
1298 3290 1386 3355 urbis

241 3390 294 3452 uel
309 3391 405 3454 etiam
420 3390 552 3455 aliorum
570 3392 755 3475 oppidorum
775 3392 952 3457 uectatione
972 3393 1148 3468 defuerunt,
1162 3413 1219 3458 neo
1238 3395 1386 3460 uiuorum

242 3495 335 3577 culpa
358 3501 416 3576 est,
437 3497 491 3580 qui
513 3519 574 3563 non
598 3501 769 3581 potuemnt
791 3499 854 3563 ista
876 3500 1034 3582 praebere,
1055 3520 1111 3565 nee
1130 3521 1230 3584 poena
1248 3505 1386 3567 mortuo-

240 3619 319 3679 rum,
345 3603 483 3683 quinon
506 3608 641 3687 possunt
663 3606 726 3670 ista
749 3607 874 3672 sentire.

328 3881 411 3934 2111.
432 3881 475 3944 26,
496 3881 529 3935 10
548 3897 606 3949 sqq.
663 3881 737 3936 610.
759 3883 800 3946 19,
820 3883 855 3936 38
874 3900 931 3953 sqq.

276 4013 517 4118 ltest⁸angeloO
578 4051 698 4104 2terria
717 4069 735 4104 a
807 4050 932 4105 mulieres
955 4051 987 4105 01
1051 4055 1200 4124 4suprae
1263 4011 1386 4109 {ladio

240 4138 270 4192 11
292 4137 485 4207 alstruendam,
506 4135 523 4190 d
542 4142 666 4202 crason
713 4139 746 4193 13
764 4139 920 4194 bibentibus
935 4144 958 4196 ll
1012 4143 1045 4195 14
1060 4141 1148 4196 cilicio
1162 4143 1383 4213 diligentiaquee

239 4227 272 4281 17
291 4231 382 4281 autem
399 4244 461 4296 sap.
483 4229 569 4284 liram
626 4230 658 4283 19
677 4229 834 4284 uibentibus
852 4229 889 4283 A*
937 4233 968 4286 21
990 4233 1077 4298 bonis,
1095 4234 1278 4302 superscripto
1296 4233 1382 4286 homi·

237 4315 358 4380 nibus,e
412 4319 446 4372 23
467 4317 599 4372 desiniat
655 4320 688 4374 27
709 4319 831 4373 uiborum
851 4323 875 4372 A
