3164 4932
415 433 464 487 De
494 434 668 488 ciuitate
697 433 756 486 dei
786 431 849 490 lib.
878 433 939 487 XII.
969 449 1043 504 cap.
1072 436 1098 488 4.
1262 439 1323 501 571

641 627 777 692 CAPUT
801 627 874 691 llll.

180 753 233 818 De
257 753 420 817 naturis
439 751 753 816 inrationalium
773 755 843 815 aut
861 753 949 815 uita
968 751 1207 830 carentium,
1230 773 1329 834 quae

180 861 217 924 in
239 879 309 924 suo
330 877 475 944 genere
495 859 622 941 adque
643 857 782 922 ordine
803 857 846 920 ab
866 859 1164 923 uniuersitatis
1185 859 1329 924 decore

583 983 656 1028 non
681 963 929 1046 discrepant.

148 1114 161 1152 s
225 1089 371 1154 Ceterum
396 1088 476 1152 uitia
499 1107 649 1170 pecorum
674 1091 705 1152 et
725 1089 871 1154 arborum
892 1089 1087 1171 aliarumque
1106 1109 1209 1154 rernm
1228 1093 1329 1154 muta-

178 1195 292 1260 bilium
327 1195 429 1278 adque
463 1193 646 1260 mortalium
680 1195 732 1259 uel
764 1195 931 1260 intellectu
964 1197 1017 1260 uel
1050 1215 1145 1261 sensu
1178 1196 1230 1260 uel
1263 1195 1330 1260 nita

179 1303 306 1366 omnino
331 1301 515 1377 carentium,
536 1301 651 1384 quibus
676 1321 784 1366 eorum
809 1301 1006 1368 dissolubilis
1029 1307 1140 1366 natura
1159 1302 1329 1386 corrumpi-

178 1411 241 1486 tur,
266 1407 457 1472 damnabilia
479 1413 591 1490 putare
610 1409 779 1473 ridiculum
802 1413 860 1486 est,
882 1409 1054 1474 admistae
1075 1413 1234 1474 creaturae
1255 1429 1328 1472 eum

179 1515 309 1579 modum
337 1517 417 1578 nutu
441 1514 599 1580 Creatoris
628 1515 817 1597 acceperint,
846 1519 884 1580 ut
908 1515 1046 1581 cedendo
1071 1536 1106 1580 ao
1131 1515 1329 1581 succedendo

135 1651 160 1688 ro
178 1625 330 1706 peragant
366 1621 507 1685 infimam
544 1621 813 1705 pulchritudinem
847 1625 1026 1705 temporum
1059 1621 1090 1686 in
1125 1641 1237 1707 genere
1271 1641 1328 1687 suo

177 1727 272 1793 istius
305 1727 415 1793 mundi
442 1728 586 1811 partibus
616 1735 852 1812 congruentem.
886 1727 996 1812 Neque
1025 1730 1108 1793 enim
1138 1728 1328 1793 caelestibus

178 1835 303 1900 fuerant
348 1839 471 1899 terrena
512 1836 723 1920 coaequanda,
766 1837 822 1900 aut
861 1835 933 1899 ideo
976 1835 1177 1900 uniuersitati
1220 1835 1329 1899 deesse

178 1943 241 2006 ista
269 1941 455 2016 debuerunt,
484 1943 631 2024 qnoniam
660 1949 735 2008 siant
757 1941 814 2006 illa
836 1941 976 2007 meliora.
1021 1941 1101 2006 Cum
1125 1961 1199 2027 ergo
1224 1941 1255 2006 in
1278 1943 1328 2006 bis

177 2049 268 2126 loeis,
292 2049 348 2114 ubi
371 2068 441 2114 esse
468 2048 547 2112 talio
579 2049 775 2132 conpetebat,
801 2049 872 2113 aliis
897 2050 959 2113 alia
984 2049 1202 2114 deficientibus
1227 2049 1328 2112 oriun-

134 2183 159 2222 rs
178 2159 231 2218 tur
254 2158 286 2220 et
308 2155 522 2220 suooumbunt
539 2155 659 2220 minora
679 2155 851 2220 maioribus
872 2155 973 2236 adque
993 2155 1024 2218 in
1046 2155 1215 2238 qualitates
1236 2174 1328 2236 supe·

178 2261 315 2326 rantium
354 2265 501 2344 superata
538 2265 716 2338 uertuntur,
754 2281 859 2325 rerum
894 2265 943 2326 est
976 2261 1050 2326 ordo
1084 2263 1326 2326 transeuntium.

180 2367 279 2432 Cuius
303 2366 419 2432 ordinis
444 2368 541 2432 decus
566 2387 622 2432 noe
646 2370 811 2451 propterea
830 2387 890 2431 non
910 2367 1056 2448 delectat,
1078 2368 1224 2450 quoniam
1245 2369 1326 2451 parti

179 2473 248 2538 eius
272 2493 328 2556 pro
352 2473 533 2540 condicione
557 2477 682 2538 nostrae
706 2473 911 2538 mortalitatis
930 2473 1041 2537 intexti
1060 2474 1255 2551 uniuersum,
1275 2474 1325 2537 oui

178 2580 361 2663 particulae,
395 2600 474 2663 quae
506 2601 563 2646 nos
596 2579 767 2656 offendunt,
801 2581 880 2644 satis
914 2583 985 2663 apte
1019 2581 1227 2664 decenterque
1256 2599 1326 2644 oon·

133 2719 160 2757 so
179 2687 322 2764 ueniunt,
337 2686 452 2751 sentire
471 2707 531 2752 non
552 2706 733 2770 possumus.
754 2686 843 2752 Unde
863 2687 964 2763 nobie,
983 2687 1014 2750 in
1036 2687 1150 2768 quibus
1171 2705 1238 2750 eam
1259 2706 1328 2752 eon-

178 2791 326 2875 templari
348 2793 454 2856 minus
477 2793 583 2857 idonei
607 2813 730 2870 snmus,
754 2793 932 2857 rectissime
961 2793 1114 2858 credenda
1138 2793 1329 2876 praecipitur

178 2900 379 2982 prouidentia
404 2899 594 2974 conditoris„
619 2919 658 2964 ne
683 2900 762 2964 tanti
786 2900 915 2965 artificis
941 2919 1021 2984 opus
1045 2900 1077 2964 in
1101 2899 1207 2980 aliquo
1226 2919 1327 2982 repre-

178 3006 315 3072 hendere
342 3008 484 3071 uanitate
512 3007 667 3071 humanae
691 3007 880 3072 temeritatis
905 3007 1089 3072 audeamus.
1131 3004 1327 3087 Quamquam

180 3118 212 3178 et
249 3115 329 3179 uitia
365 3133 468 3178 rerum
506 3117 700 3178 tenenarum
737 3134 797 3178 non
836 3114 1015 3178 noluntaria
1053 3133 1154 3196 neque
1186 3111 1330 3195 poenalia

134 3249 161 3290 ae
180 3225 308 3286 naturas
332 3220 429 3303 ipsas,
455 3239 585 3304 quarum
611 3223 699 3285 nulla
722 3222 848 3286 omnino
873 3225 933 3297 est,
958 3220 1049 3284 ouius
1073 3239 1133 3284 non
1158 3219 1201 3283 sit
1220 3221 1330 3283 auctor

181 3332 213 3392 et
245 3327 388 3392 eonditor
416 3327 514 3404 Deus,
548 3328 575 3390 si
608 3327 779 3410 prudenter
814 3325 1031 3402 adtendamus,
1066 3325 1175 3390 eadem
1208 3325 1328 3389 rationo

180 3434 413 3510 commendant,
442 3433 517 3514 quia
546 3437 578 3496 et
604 3433 636 3496 in
665 3433 710 3496 eis
739 3433 799 3496 boo
828 3431 918 3496 uobis
947 3451 1002 3514 per
1030 3431 1148 3496 uitium
1172 3431 1243 3496 tolli
1268 3431 1329 3494 dis·

179 3541 287 3624 plicet,
325 3540 409 3621 quod
445 3540 476 3604 in
515 3543 626 3604 natura
657 3539 776 3622 plaeet3
816 3539 878 3603 nisi
912 3541 987 3622 quia
1018 3539 1201 3604 hominibus
1234 3537 1328 3602 etiam

218 3749 234 3802 2
254 3747 359 3801 naturis
383 3747 421 3814 V,·
438 3751 536 3800 natura
550 3763 624 3816 ppo
641 3747 741 3800 Domb.
815 3745 1047 3800 inrationabilium
1071 3747 1122 3800 Va
1194 3745 1329 3800 ldisrre·

181 3840 318 3907 patpqo
390 3838 460 3890 9ao
481 3835 649 3889 succedendo
669 3851 720 3888 om.
740 3835 765 3888 e¹
839 3835 872 3890 10
896 3835 1016 3888 infimum
1040 3835 1076 3889 V¹
1149 3837 1180 3889 11
1204 3835 1264 3888 istis
1288 3833 1331 3887 Vl

183 3925 216 3978 12
237 3923 410 3994 coaequando
435 3923 469 3975 V·
526 3924 559 3978 13
579 3923 648 3977 ital
704 3925 736 3976 14
755 3924 824 3976 talia
843 3939 936 3978 essen
1009 3923 1063 3978 alia
1082 3923 1176 3978 aliiso
1239 3923 1271 3976 15
1291 3923 1329 3989 etl

182 4043 247 4094 ute
346 4039 531 4094 succumbant.
552 4057 567 4092 a
585 4055 619 4096 ns.
640 4043 660 4092 2
679 4055 711 4092 ear
729 4057 746 4092 u
767 4055 845 4102 corr,
866 4056 879 4092 e
970 4040 1001 4094 17
1022 4039 1073 4110 sos,
1092 4055 1119 4092 rn
1140 4039 1175 4104 (?)
1196 4053 1283 4102 eraso,
1308 4037 1333 4089 V

182 4131 429 4198 proptereanoso
520 4127 553 4181 18
574 4128 631 4181 eius
650 4143 701 4181 om.
722 4127 745 4182 e¹
836 4129 868 4181 21
890 4128 1018 4182 scimust
1099 4127 1332 4197 praecipiunturl

182 4245 217 4298 22
237 4244 332 4312 aliqui,
357 4243 394 4310 V,·
413 4243 534 4313 eliquat
606 4244 641 4297 24
660 4243 802 4297 uoluntate
822 4243 832 4296 i
899 4245 933 4296 ‘25
952 4247 1091 4311 naturasq;
1111 4243 1193 4311 ipsas,
1213 4260 1238 4312 q;
1259 4244 1331 4312 ipsas

182 4349 216 4386 m.
237 4331 329 4396 ree.,l
383 4333 417 4386 27
437 4331 612 4402 displicenti
