3072 4930
255 489 317 553 166
594 488 622 542 S.
650 486 807 542 Aurelii
834 489 1054 560 Augustini

252 682 421 765 quisquam
454 683 500 746 ita
532 682 677 766 desipiat,
711 687 749 750 ut
781 684 897 750 audeat
931 685 1074 751 dubitare
1106 705 1201 768 quem
1233 688 1402 770 praeferat.

251 787 297 854 Ut
324 808 398 873 ergo
421 789 453 853 in
477 788 527 854 hie
552 790 676 856 duobus
700 790 892 872 hominibuS,
916 791 963 856 ita
984 791 1015 856 in
1042 793 1165 858 duabus
1189 792 1332 872 familiia,
1358 795 1405 859 ita

251 895 284 959 in
308 894 432 960 duobus
455 897 594 980 populis,
614 897 660 960 ita
677 897 710 960 in
730 897 855 962 duobus
875 898 980 982 regnis
1003 899 1114 982 regula
1133 899 1277 982 sequitur
1296 901 1404 983 aequi·

251 1001 338 1079 tatio,
361 1021 436 1084 -que
466 1003 638 1086 uigilanter
669 1003 812 1068 adhibita
844 1004 871 1068 si
904 1007 1011 1069 nostre
1042 1005 1176 1070 intentio
1214 1006 1403 1090 corrigatur,

251 1106 403 1172 facillime
444 1107 624 1174 uidebimus
663 1109 718 1174 ubi
755 1110 877 1175 habitet
918 1111 1042 1176 nouitas
1085 1113 1118 1176 et
1157 1111 1214 1175 ubi
1254 1111 1403 1177 felicitas,
1432 1127 1442 1167 ⁵

253 1212 453 1297 Quapropter
480 1213 507 1278 ai
535 1234 630 1280 uerus
657 1215 745 1280 Deua
774 1217 896 1280 colatur
924 1216 1014 1298 eique
1043 1215 1141 1281 sacris
1173 1218 1341 1282 ueracibus
1372 1221 1406 1283 et

252 1320 344 1385 bonis
372 1321 515 1386 moribus
545 1322 710 1400 seruiatur,
734 1321 813 1387 utile
842 1325 892 1386 est
918 1325 956 1387 ut
984 1321 1059 1386 boni
1081 1323 1173 1407 longe
1196 1323 1324 1406 lateque
1349 1323 1425 1388 diu·

251 1431 397 1510 regnent;
432 1446 541 1510 neque·
562 1428 622 1492 hoc
649 1430 715 1492 tam
747 1428 827 1512 ipsis
861 1446 956 1510 quam
986 1427 1052 1493 illis
1085 1429 1165 1493 utile
1197 1431 1256 1508 est,
1286 1431 1404 1513 quibus

252 1541 394 1617 regnant.
433 1533 513 1598 Nam
543 1539 695 1618 quantum
724 1536 763 1598 ad
791 1535 878 1619 ipsos
907 1535 1054 1618 pertinet,
1078 1536 1181 1618 pietas
1206 1543 1238 1600 et
1259 1537 1404 1619 probitas

253 1657 372 1718 eorum,
406 1660 488 1723 qnae
522 1661 637 1726 magna
668 1641 727 1722 Dei
761 1641 842 1706 dona
874 1645 958 1720 suut,
990 1641 1110 1706 sufficit
1143 1642 1188 1706 eis
1221 1642 1261 1706 ad
1290 1661 1440 1707 neramn
1510 1699 1511 1702 ,

251 1744 449 1824 felicitatem,
469 1767 532 1830 qna
555 1750 587 1813 et
609 1748 673 1812 ista
695 1746 764 1813 uita
786 1748 864 1813 bene
889 1749 1002 1831 agatur
1025 1749 1057 1812 et
1080 1751 1192 1832 postea
1209 1749 1405 1832 percipiatur
1503 1788 1507 1797 ·

253 1854 390 1916 aeterna.
431 1853 467 1918 in
495 1855 554 1919 hac
584 1873 656 1938 ergo
685 1857 768 1920 terra
793 1873 927 1938 reguum
959 1853 1114 1919 bonorum
1146 1874 1207 1919 uon
1239 1857 1305 1918 tam
1336 1854 1402 1920 illis

252 1962 433 2042 praestatur
474 1981 568 2044 quam
606 1963 701 2026 rebus
742 1960 903 2038 humanis;
950 1960 1107 2025 malorum
1151 1980 1226 2025 uero
1268 1979 1400 2046 regnum

253 2065 356 2149 magis
388 2068 591 2152 regnantibus
624 2072 725 2146 nocet,
755 2069 808 2150 qui
838 2087 912 2133 suos
942 2067 1062 2132 animoa
1089 2069 1219 2132 uastant
1245 2067 1400 2132 scelernm

252 2173 371 2237 maiore
398 2173 541 2251 licentia3
569 2174 620 2240 hie
644 2179 760 2252 autem,
786 2175 841 2258 qui
864 2175 909 2240 eia
934 2173 1100 2238 seruiendo
1126 2172 1316 2251 subduntur,
1340 2191 1399 2238 nou
1418 2193 1437 2232 ιε

253 2283 346 2344 uocet
374 2280 436 2344 uisi
461 2282 588 2364 propria
614 2281 776 2364 iniquiter.
819 2279 899 2344 Nam
932 2281 1027 2344 iustis
1061 2278 1214 2362 quidquid
1246 2280 1399 2344 manrrrm

254 2384 293 2449 ab
325 2385 442 2470 iniquis
477 2387 612 2452 dominis
646 2387 818 2470 inrogatur,
852 2405 913 2451 non
946 2389 996 2450 est
1026 2403 1129 2468 poena
1160 2385 1313 2462 criminis,
1348 2385 1399 2449 sed

253 2491 384 2557 uirtutis
422 2512 559 2558 examen.
606 2494 740 2558 Proinde
772 2492 874 2558 bonus
907 2493 1032 2556 etiarnsi
1065 2491 1194 2570 seruiat,
1226 2491 1307 2555 liber
1339 2494 1398 2566 est;

256 2599 358 2663 malus
387 2602 493 2664 autem
523 2600 649 2665 etiamsi
675 2603 794 2684 regnet,
820 2618 932 2664 seruus
961 2601 1102 2677 estnec
1130 2598 1224 2663 unius
1253 2597 1397 2675 hominia,

255 2705 321 2783 aed,
351 2705 434 2789 quod
467 2709 517 2770 est
549 2707 688 2791 grauius,
717 2709 766 2770 tot
798 2706 996 2770 dominorum
1033 2707 1112 2787 quot
1147 2704 1311 2770 uitiorum.
1353 2703 1397 2767 De
1415 2725 1437 2764 n

255 2813 369 2894 quibus
403 2813 491 2878 uitiis
526 2833 598 2878 cum
632 2816 739 2898 ageret
772 2813 929 2896 scriptura
966 2811 1087 2877 diuina:
1119 2809 1148 2876 Α
1184 2830 1262 2893 quo
1300 2810 1398 2875 enim

255 2921 360 3002 quia,
384 2919 499 3002 iuquit,
525 2919 717 2985 deuictus
747 2924 818 2998 est,
847 2919 942 2984 huie
971 2921 1010 2984 et
1038 2937 1182 2983 seruus
1211 2916 1397 2982 addictus

255 3028 327 3091 est.

715 3131 852 3198 CAPUT
875 3131 947 3196 IIII.

328 3235 449 3316 Quam
476 3238 637 3304 similia
661 3239 745 3304 sint
766 3237 1005 3304 latrociniis
1030 3255 1153 3321 regna
1176 3237 1326 3320 absque
1416 3259 1441 3298 n

741 3345 921 3411 iustitia.

299 3451 434 3516 Remota
447 3452 553 3534 itaque
567 3452 694 3517 iustitia
709 3452 785 3534 quid
801 3456 875 3516 sunt
888 3471 984 3536 regna
1002 3451 1066 3516 uisi
1084 3470 1200 3535 magua
1217 3448 1398 3516 latrocinio?

256 3558 330 3640 quia
355 3562 386 3622 et
407 3559 574 3623 latrocinia
598 3559 675 3642 quid
699 3561 773 3624 snut
796 3559 858 3622 nisi
880 3577 978 3640 parua
1001 3561 1119 3642 regua?
1142 3557 1257 3622 Manus
1281 3560 1313 3622 et
1333 3555 1399 3638 ipsa

344 3735 377 3788 21
398 3735 515 3788 aPetr.
537 3735 561 3798 2,
583 3735 616 3790 19

290 3843 307 3894 4
327 3841 414 3895 athib.
433 3841 493 3894 LA
565 3843 582 3896 5
601 3840 755 3896 uideuimus
775 3840 801 3894 L
876 3839 892 3892 6
911 3856 992 3893 uerna
1011 3837 1078 3892 deun
1096 3837 1196 3904 LAo5
1213 3836 1239 3891 d.
1258 3853 1284 3890 u.
1305 3832 1397 3890 eren.

254 3929 355 3984 Domt.
429 3929 665 4000 tprouitaaLA
740 3929 772 3983 10
793 3928 836 3983 dei
855 3925 1213 3996 donaLACabdepp;
1232 3924 1301 3979 dona
1317 3921 1398 3978 Deio

254 4045 354 4100 Domb.
425 4047 455 4100 11
478 4045 550 4116 qual,
572 4062 642 4100 eras.
663 4062 698 4108 m,
717 4044 744 4098 L
813 4045 846 4098 14
864 4009 1001 4098 uastatL
1066 4044 1099 4097 16
1118 4041 1229 4112 propria
1247 4035 1399 4116 iniciat,-

255 4135 322 4203 iniq.
341 4151 430 4204 propr.
453 4134 551 4189 Orell.
571 4151 586 4188 o
661 4133 694 4187 18
713 4133 784 4187 liner
801 4133 828 4187 L
905 4133 939 4187 19
957 4148 1008 4185 nea
1025 4131 1106 4184 unius
1125 4146 1175 4184 neo
1193 4129 1308 4184 hominia
1328 4122 1375 4178 oa
1385 4140 1400 4176 e

255 4223 290 4277 20
305 4223 488 4292 grabiuaLA
543 4224 577 4276 22
592 4221 687 4291 inquid
704 4221 737 4274 0²
792 4221 826 4275 25
842 4220 980 4274 simillima
988 4237 1011 4289 p
1065 4221 1099 4274 26
1114 4217 1229 4272 iustitia.
1248 4212 1400 4272 concreata

256 4317 289 4364 ut
307 4311 419 4364 uidetur
436 4327 523 4364 manu
543 4311 714 4378 adscriptum
733 4315 772 4363 eat
785 4311 816 4362 a'n
829 4309 967 4378 margine:
986 4311 1013 4362 et
1026 4310 1123 4378 pyrata
1137 4305 1281 4362 alexandro
1294 4315 1399 4370 reapon-

257 4401 334 4455 deuti
356 4400 379 4454 Ο
431 4401 464 4454 27
486 4403 513 4453 et
532 4400 593 4453 latr.
613 4399 708 4465 codd.,·
728 4403 756 4452 et
774 4398 834 4468 ipen
851 4399 948 4454 latro
