3072 4928
211 415 253 478 92
561 406 588 461 S.
616 405 775 462 Aurelii
802 403 1019 474 Augustini

210 625 277 671 rem
304 603 474 688 publicam.
516 603 627 685 Itaque
655 603 726 666 ante
754 602 895 666 nostram
923 599 1108 664 memoriam
1137 600 1168 662 et
1195 615 1264 662 mos
1291 597 1361 678 ipse

211 711 333 795 patrius
370 712 568 794 praestantes
600 709 687 773 uiros
720 706 900 783 adhibebat,
934 709 967 770 et
998 709 1139 770 ueterem
1172 723 1290 770 morem
1324 723 1361 768 nc

212 819 365 883 maiorum
403 815 552 881 inst'tuta
588 814 766 880 retinebant
798 813 988 880 excellentes
1020 812 1091 877 uiri.
1137 811 1255 876 Nostra
1285 829 1361 875 uem

212 927 298 989 aetas
327 943 400 988 cum
428 921 680 1005 rempublicam
704 920 788 988 sicut
810 921 968 1004 picturam
991 919 1168 1002 accepisset
1191 918 1361 1003 egregiam,

213 1031 269 1095 sed
296 1032 539 1094 euanescantem
566 1030 739 1105 uetustate,
763 1047 825 1092 nen
854 1027 948 1092 modo
977 1045 1046 1092 eam
1075 1025 1235 1092 celeribus
1259 1023 1362 1090 isdem
1394 1048 1407 1088 a

213 1137 328 1220 quibus
360 1135 464 1202 linerat
494 1154 645 1202 renouare
677 1133 826 1220 neglexit,
856 1133 912 1200 aed
945 1153 984 1198 ne
1011 1133 1043 1197 id
1071 1131 1200 1216 quidem
1228 1131 1361 1203 curauit,

211 1247 250 1308 ut
262 1244 395 1308 fonnem
406 1242 525 1309 ,saltem
540 1243 607 1308 eius
623 1245 654 1306 et
673 1247 810 1306 extrema
829 1244 992 1323 tamquam
1009 1239 1194 1304 liniamenta
1213 1240 1362 1303 seruaret.

214 1349 298 1432 Quid
326 1351 409 1416 enim
435 1351 543 1414 manet
570 1368 607 1414 ex
634 1347 773 1431 antiquis
796 1348 951 1422 moribus,
977 1345 1093 1428 quibus
1116 1346 1172 1410 ille
1195 1344 1274 1410 dixit
1295 1362 1362 1408 rem

213 1461 296 1522 stare
319 1457 504 1534 Romanam,
525 1474 605 1538 qnos
628 1457 674 1521 ita
697 1455 857 1520 obliuione
881 1454 1042 1520 obsoletos
1065 1451 1223 1528 uidemus,
1244 1453 1280 1514 ut
1301 1467 1362 1514 nen

212 1563 307 1628 mode
330 1583 397 1628 non
426 1563 579 1638 celantur,
604 1561 660 1628 sed
687 1562 748 1627 ism
778 1561 983 1644 ignorentur?
1015 1559 1097 1624 Nam
1121 1557 1159 1623 de
1183 1555 1262 1622 uiris
1286 1555 1363 1638 quid
1385 1583 1409 1622 ιο

214 1669 337 1734 dicam?
379 1669 485 1734 Mures
513 1668 597 1732 enim
625 1667 688 1751 ipsi
715 1667 901 1732 interierunt
928 1667 1068 1732 uirorum
1101 1665 1241 1748 penuria,
1269 1661 1361 1727 cuius

213 1775 296 1839 tanti
318 1773 394 1838 mali
416 1792 478 1838 non
501 1771 594 1840 modo
614 1771 771 1838 reddenda
788 1772 868 1838 ratio
888 1772 990 1849 nubis,
1010 1772 1065 1836 sed
1085 1772 1180 1836 etiam
1199 1773 1361 1852 tamquam

213 1881 276 1946 reis
304 1880 418 1962 capitis
446 1879 584 1960 quodam
610 1878 704 1946 mede
734 1878 866 1946 dicenda
894 1897 990 1944 causa
1018 1880 1077 1944 est.
1118 1876 1245 1944 Nostris
1279 1877 1360 1940 enim

214 1987 315 2066 uitiis,
348 2005 409 2050 non
442 2005 517 2050 casn
552 1987 669 2069 alique,
696 2006 762 2051 rem
795 1986 955 2068 publicam
988 1985 1085 2050 uerbo
1117 1984 1301 2062 retinemus,
1329 2002 1361 2048 re

215 2094 286 2178 ipsa
308 2111 383 2157 uero
407 2093 471 2158 iam
494 2093 616 2177 pridem
640 2093 829 2159 amisimus)
1383 2120 1410 2158 aa

259 2199 346 2264 Haec
371 2199 479 2266 Cicero
503 2199 673 2277 fatebatur,
690 2201 785 2284 lenge
810 2199 937 2282 quidem
960 2202 1189 2282 postmortem
1213 2195 1360 2272 Africani,

215 2325 310 2388 quem
332 2307 363 2371 in
389 2308 456 2372 suis
479 2307 571 2372 libris
589 2307 666 2372 fecit
685 2305 723 2371 de
741 2325 774 2372 re
793 2306 922 2389 publica
941 2305 1114 2390 disputare,
1134 2304 1236 2370 adhuc
1255 2308 1359 2368 tamen

216 2415 289 2478 ante
316 2413 488 2479 aduentum
516 2413 648 2488 Christi3
682 2433 762 2496 quae
791 2413 819 2478 si
850 2411 1011 2477 diffamata
1043 2414 1075 2476 et
1106 2413 1361 2494 praeualescente

214 2519 365 2604 religione
398 2519 576 2586 Christiana
614 2519 805 2585 sentirentur
840 2519 943 2602 adque
975 2517 1163 2596 dicerentur,
1197 2519 1268 2602 quis
1300 2537 1361 2584 non

214 2624 348 2691 istorum
381 2645 417 2690 ea
450 2625 639 2692 Christianis
671 2625 844 2709 inputanda
876 2643 946 2690 esse
978 2628 1140 2690 censeret?
1186 2623 1288 2704 Quam
1320 2626 1359 2690 cb
1381 2647 1413 2687 ao

213 2749 279 2795 rem
313 2751 395 2814 quur
425 2751 486 2798 nun
521 2735 670 2798 curarunt
705 2731 737 2797 di
777 2750 895 2808 eorum,
928 2750 967 2796 ne
998 2735 1075 2797 tunc
1106 2731 1222 2815 periret
1259 2730 1360 2814 adque

215 2839 413 2904 amitteretur
442 2839 500 2904 illa
530 2858 581 2904 res
613 2839 753 2921 publica,
787 2857 880 2922 quam
915 2837 1022 2904 Cicero
1056 2839 1160 2924 longe,
1192 2845 1360 2921 antequam

215 2943 361 3010 Christus
385 2945 417 3010 in
442 2965 532 3011 carne
556 2946 709 3022 uenisset,
732 2951 798 3012 tam
821 2945 1000 3030 lugubriter
1023 2945 1167 3027 deplorat
1189 2944 1359 3010 amissam?

215 3048 360 3114 Viderint
387 3051 568 3116 laudatores
597 3052 664 3116 eius
694 3051 788 3117 etiam
812 3051 877 3116 illis
901 3049 1039 3132 antiquis
1062 3051 1140 3116 utris
1165 3053 1196 3116 et
1219 3050 1359 3117 muribus

215 3156 318 3238 qualis
346 3157 452 3234 fuerit,
475 3161 584 3222 utrum
611 3158 643 3222 in
672 3177 708 3222 ea
731 3157 871 3244 uiguerit
893 3175 970 3221 uera
991 3156 1115 3222 iustitia
1137 3175 1176 3222 au
1198 3156 1279 3222 sorte
1302 3174 1358 3222 nee
1377 3177 1406 3220 aa

212 3267 288 3327 tunc
315 3263 411 3327 fuerit
438 3263 514 3328 uiua
541 3263 692 3340 moribus,
718 3263 774 3328 sed
801 3263 888 3346 picta
917 3261 1090 3338 coloribus3
1119 3260 1203 3344 quod
1232 3261 1358 3346 etipse

213 3367 322 3433 Cicero
350 3369 504 3448 nesciens,
529 3389 602 3435 cum
631 3389 699 3436 eam
722 3369 903 3452 praeferret,
927 3369 1090 3452 expressit.
1128 3365 1191 3434 Sed
1218 3367 1357 3447 eliensi

212 3474 299 3540 Deus
336 3475 484 3554 uoluerit,
517 3477 577 3542 hnc
613 3477 806 3545 uidebimus.
852 3477 961 3544 Enitar
997 3475 1081 3541 enim
1116 3495 1173 3540 aue
1206 3475 1288 3553 lnce,
1321 3479 1358 3540 nt

300 3699 334 3753 28
354 3699 460 3754 XVIIII
479 3717 501 3755 c.
520 3702 553 3755 21

248 3831 447 3888 sensusne
517 3833 603 3888 isdem
622 3833 905 3903 LdCep;hisdem
925 3834 954 3900 b;
973 3834 1105 3890 iisdeme
1160 3835 1286 3890 lsultim
1308 3833 1358 3888 Cd

210 3917 370 3974 liniamenta
388 3920 528 3984 Lama
548 3923 686 3978 lineame
741 3923 838 3992 aista,
858 3941 870 3976 s
890 3923 1011 3986 erua.,0
1064 3924 1096 3978 10
1115 3923 1181 3992 iam]
1201 3924 1284 3977 etiam
1298 3921 1357 3976 ll²v

212 4009 245 4061 11
264 4008 587 4078 penurial,merae.,C
642 4011 674 4066 13
693 4028 735 4065 res
754 4011 837 4066 L¹n¹
893 4011 1219 4080 11111)1212,2οναε.,1,
1282 4011 1315 4066 18
1333 4011 1356 4064 si

210 4112 270 4166 sup.
291 4097 339 4152 lin.
359 4099 381 4150 0
434 4099 469 4154 20
489 4115 521 4153 ea
539 4117 573 4154 an.
593 4103 608 4152 1
625 4116 685 4168 cup.
706 4099 796 4154 liat
868 4105 1010 4171 cerrsereft
1029 4117 1046 4153 n
1066 4097 1184 4160 crus.,'L
1238 4101 1270 4155 21
1290 4102 1356 4154 tunc

209 4185 302 4251 (thuna
320 4183 390 4253 LA)
408 4204 469 4242 nias.
488 4204 516 4254 u;
536 4191 593 4240 tum
612 4187 726 4242 Domb.²
830 4190 867 4244 25
891 4193 980 4242 utrum
1001 4206 1084 4260 aeque
1103 4189 1142 4243 ad
1159 4187 1243 4244 luerit
1261 4205 1312 4246 om.
1332 4189 1354 4242 a¹

209 4300 242 4354 ac
262 4301 345 4355 cnunc
364 4301 423 4356 cn
495 4303 561 4357 urna
579 4303 637 4358 nn
697 4305 730 4358 aa
751 4267 874 4359 arrian
938 4304 1222 4360 ascraeumque
