3164 4932
407 464 458 518 Dc
487 463 660 517 ciuitate
689 460 751 514 dei
779 461 842 514 lib.
867 459 926 514 Xll.
952 477 1026 528 cap.
1052 460 1076 514 9.
1248 461 1309 525 581

167 663 319 727 fitendum
350 664 400 725 est
425 660 523 744 igitur
552 679 623 724 cum
654 657 874 722 debitalaude
899 657 1138 722 C1eatorisnon
1164 660 1202 721 ad
1228 659 1313 722 solos

168 773 295 834 sanctos
327 767 470 832 homines
503 768 670 848 pertinere,
699 785 810 829 uerum
843 765 937 829 etiam
971 765 1009 828 de
1042 765 1160 828 sanctis
1193 764 1313 846 angelis

168 895 262 960 posse
291 875 363 950 clici,
392 874 477 957 quod
506 872 619 937 caritas
648 871 707 935 Dei
735 870 851 936 diffusa
878 871 980 936 sitin
1010 872 1054 936 eis
1082 871 1312 955 perspiritum

168 986 326 1057 sanctum,
342 982 395 1063 qui
415 981 506 1044 datus
527 981 576 1044 est
596 979 655 1052 eis;
676 997 733 1042 neo
747 965 875 1043 ‘tantum
895 978 1071 1056 bominum,
1091 979 1146 1043 sed
1165 978 1313 1062 primitus

137 1114 150 1156 s
168 1089 399 1173 praecipueque
441 1088 623 1171 angelorum
661 1087 777 1150 bonum
819 1105 898 1150 esse.
938 1087 1022 1168 quod
1059 1087 1212 1169 scriptum
1251 1090 1313 1151 est:

168 1195 269 1261 Mihi
299 1196 430 1260 autom
460 1193 677 1258 adhaerere
706 1193 786 1256 Deo
815 1192 958 1257 bonum
989 1197 1059 1258 est.
1098 1193 1168 1258 Hoc
1196 1193 1313 1258 bonum

171 1303 287 1385 quibus
321 1319 485 1366 commune
519 1302 578 1376 est,
605 1299 724 1363 habent
751 1301 783 1362 et
811 1319 881 1363 cum
910 1299 967 1362 illo
998 1299 1049 1363 cui
1083 1301 1252 1365 adbaerent
1284 1305 1316 1366 et

169 1412 253 1474 inter
280 1428 313 1473 se
343 1409 484 1472 sanctam
513 1405 698 1470 societatem
727 1408 759 1469 et
787 1410 946 1470 suntuna
970 1407 1082 1472 ciuitas
1107 1407 1167 1471 Dei
1190 1408 1314 1472 eadem-

170 1537 231 1600 que
259 1516 372 1580 uiuum
400 1513 589 1578 sacrificium
618 1513 686 1578 eius
714 1514 890 1597 uiuumque
919 1517 1074 1598 templum
1100 1516 1177 1581 eius,
1216 1517 1314 1583 Cuius

124 1647 152 1688 ro
170 1643 254 1706 pars,
287 1641 366 1705 quae
399 1620 615 1704 coniungenda
646 1620 868 1685 inmortalibus
901 1621 1022 1705 angelis
1055 1641 1091 1686 ex
1126 1623 1314 1688 mortalibus

169 1729 354 1794 hominibus
392 1731 601 1812 congregatur
636 1728 669 1791 et
704 1746 786 1790 nunc
823 1728 1000 1792 mortaliter
1034 1729 1252 1812 peregrinatur
1282 1729 1314 1794 in

169 1836 263 1900 terris
295 1833 348 1899 uel
380 1834 410 1899 in
445 1833 501 1910 eis,
535 1833 589 1916 qui
621 1837 755 1898 mortem
789 1833 943 1910 obierunt,
978 1835 1108 1899 secretis
1142 1837 1314 1901 animarum

171 1942 381 2024 receptaculis
410 1941 602 2023 sedibusque
629 1940 810 2023 requiescit,
840 1942 950 2006 eodem
980 1942 1045 2006 Deo
1074 1947 1197 2008 creante
1222 1964 1314 2026 quem

171 2050 210 2113 ad
235 2049 365 2114 modurn
388 2052 495 2112 exorta
518 2048 570 2123 sit,
595 2047 679 2112 sicut
702 2049 739 2112 de
763 2049 883 2131 angelis
907 2049 1027 2112 dictum
1052 2053 1111 2126 est,
1135 2051 1198 2114 iarn
1222 2049 1315 2114 uideo

125 2181 153 2222 m
172 2175 242 2221 esse
270 2143 449 2220 dicendum.
487 2155 533 2218 Er
561 2173 622 2219 uno
647 2153 764 2238 quippe
788 2155 924 2219 bomine.
951 2157 1202 2238 quamprimum
1228 2157 1315 2221 Deus

171 2263 323 2338 condidit,
346 2262 519 2326 humanum
546 2282 645 2346 genus
670 2263 787 2327 sumsit
810 2263 972 2327 exordium
996 2264 1169 2328 secundum
1189 2267 1316 2329 sanctae

171 2369 346 2450 scripturae
377 2368 483 2433 fidem.
513 2388 592 2451 quae
622 2368 798 2433 mirabilem
827 2371 1050 2433 auctoritatem
1077 2389 1138 2434 non
1169 2370 1316 2435 inmerito

170 2475 267 2538 habet
290 2475 325 2552 in,
346 2475 419 2539 orbe
443 2479 594 2538 lemarum
621 2475 723 2556 adque
746 2475 778 2538 in
803 2475 949 2540 omnibus
974 2477 1132 2559 gentibus
1153 2496 1231 2558 quas
1256 2477 1317 2542 sibi

171 2601 242 2646 esse
271 2581 445 2645 credituras
472 2581 554 2644 inter
582 2585 684 2646 cetero
712 2601 797 2658 uera,
822 2601 901 2664 quae
930 2582 1017 2658 dixit,
1047 2602 1121 2646 uera
1150 2583 1315 2647 diuinitate

124 2713 151 2752 oo
169 2687 334 2770 praedixit.

261 2950 277 3002 3
296 2950 372 3005 Rom.
392 2952 418 3012 5,
437 2951 454 3002 ὁ
509 2951 524 3002 6
544 2953 587 3004 Ps.
608 2952 650 3006 72.
671 2952 704 3003 28

209 3127 389 3178 lestom.e
506 3125 627 3178 deuitat
731 3125 905 3194 3sit]cstl
1014 3126 1040 3178 in
1061 3130 1143 3179 om.t
1241 3127 1317 3180 leis

169 3231 231 3281 cup.
253 3215 302 3267 lin.
327 3214 353 3266 V
403 3213 538 3268 5b0num
557 3231 616 3282 cup,
638 3215 686 3268 lin.
707 3214 732 3266 V
784 3215 911 3268 Ssociet.
932 3218 1086 3268 sanctemo
1141 3215 1172 3267 11
1194 3216 1233 3283 et]
1254 3215 1316 3277 uti,

170 3319 222 3358 orn.
238 3321 260 3371 p
334 3304 487 3357 mortaliter
506 3305 706 3371 abelmaim
726 3302 896 3358 mutabiliter
918 3303 1090 3367 VfDoncb.
1152 3303 1184 3355 12
1203 3308 1317 3356 mortem

175 3393 253 3461 Vb¹;
279 3391 537 3461 n1orteab²elpv
646 3393 770 3446 obierant
789 3393 811 3446 tl
904 3393 935 3446 13
965 3392 1084 3454 sedibus,
1104 3394 1201 3445 concisso
1226 3407 1318 3459 quoe

170 3482 327 3551 requiescat
346 3483 366 3535 t¹
