3072 4930
611 431 637 485 S.
666 429 821 485 Aurelii
848 429 1067 500 Augustini

709 621 845 688 CAPUT
868 622 967 688 XXV.

267 764 322 829 Dc
350 764 716 849 prosperitatibus,
742 781 839 847 quas
869 761 1138 829 Constantino
1168 762 1417 846 imperatori

549 871 785 939 Christiano
809 871 916 936 Dens
941 869 1130 935 contulit.

311 1009 392 1077 Nam
420 1013 522 1078 bonus
546 1014 644 1092 Deus,
668 1033 707 1078 ne
734 1013 889 1090 homines,
914 1011 969 1095 qui
997 1031 1069 1077 eum
1098 1010 1261 1077 crederent
1288 1017 1417 1096 propter

267 1123 426 1185 aeternam
455 1120 554 1185 uitam
584 1120 762 1198 colendum,
786 1121 843 1186 has
872 1118 1086 1184 sublimitates
1116 1123 1148 1183 et
1173 1137 1272 1203 regna
1294 1123 1418 1184 terrena
1446 1144 1459 1182 c

268 1227 483 1291 existimarent
509 1243 605 1309 posse
632 1227 789 1291 neminem
819 1225 980 1308 consequi,
1008 1225 1071 1292 nisi
1103 1225 1311 1290 daemonibus
1344 1223 1417 1308 supss

267 1333 375 1415 plicet,
400 1332 485 1415 quod
511 1333 544 1398 hi
573 1333 704 1416 spiritus
728 1333 759 1398 in
783 1333 901 1397 talibus
925 1332 1063 1416 multum
1086 1333 1238 1409 ualerent,
1264 1331 1417 1422 Constan

267 1439 371 1504 tinum
399 1439 620 1522 imperatorem
648 1459 709 1505 non
733 1440 963 1525 supplicantem
988 1438 1204 1519 daemonibus,
1229 1439 1286 1504 sed
1309 1441 1416 1522 ipsum

267 1565 379 1610 uerum
411 1546 515 1610 Deum
549 1548 704 1612 colentem
745 1547 843 1611 tantis
879 1547 1012 1611 terrenis
1048 1546 1183 1630 inpleuit
1219 1535 1415 1624 muneribus,

269 1655 386 1734 quanta
413 1656 521 1736 optare
553 1654 659 1717 nullus
692 1653 835 1728 anderet3
870 1653 922 1717 oui
954 1653 1050 1717 etiarn
1084 1652 1217 1718 condere
1249 1653 1415 1717 ciuitatem
1435 1679 1459 1719 ιο

269 1759 409 1824 Romano
437 1759 569 1843 imperio
599 1761 728 1838 sociam,
752 1761 844 1825 uelut
866 1760 968 1844 ipsius
991 1757 1243 1840 Romac'filiam,
1268 1760 1325 1824 sed
1348 1760 1416 1824 sine

268 1866 374 1950 aliquo
400 1865 587 1932 daemonnm
610 1867 729 1950 templo
754 1866 988 1951 simulacroque
1008 1866 1176 1932 concessit.
1199 1867 1263 1931 Diu
1281 1867 1416 1950 impera-

270 1974 328 2054 uit,
362 1973 546 2038 uniuersum
580 1974 688 2039 orbem
719 1961 896 2039 Romanum
929 1994 1012 2040 unus
1045 1975 1211 2058 Augustus
1243 1973 1348 2038 tenuit
1385 1977 1416 2038 et

269 2079 424 2155 delendit;
452 2080 484 2144 in
509 2079 764 2146 administrandis
789 2084 821 2146 et
844 2081 988 2166 gerendis
1013 2081 1105 2146 hellis
1130 2080 1414 2146 uictoriosissimus

269 2186 342 2264 fuit,
379 2185 411 2250 in
448 2187 588 2269 tyrannis
627 2187 840 2270 obprimendis
878 2207 934 2272 per
969 2189 1074 2254 omnia
1109 2190 1312 2272 prosperatus
1350 2193 1414 2264 cst;
1434 2212 1456 2253 u

270 2292 469 2377 grandaeuus
498 2295 694 2378 aegritudine
723 2298 755 2359 et
783 2299 945 2360 senectuto
974 2295 1142 2360 defunctus
1167 2297 1226 2373 est,
1251 2294 1334 2359 filios
1357 2296 1416 2358 im·

268 2404 413 2482 perantes
448 2400 587 2482 reliquit.
625 2401 687 2468 Sed
722 2421 832 2466 rursus
869 2422 908 2468 nc
940 2388 1112 2484 imperator
1144 2401 1312 2485 quisquam
1344 2400 1413 2466 ideo

270 2506 469 2586 Christianus
498 2509 593 2586 essct,
622 2513 659 2570 nt
684 2507 872 2573 felicitatem
902 2507 1099 2574 Constantini
1131 2511 1313 2585 mereretur,
1342 2525 1414 2572 cnm

268 2616 398 2696 propter
428 2613 527 2679 uitam
565 2617 723 2682 aeternam
762 2614 896 2698 quisquc
939 2614 1051 2679 debeat
1092 2633 1163 2680 esse
1200 2613 1412 2680 Christianus:

269 2721 435 2786 Ionianum
469 2721 570 2786 multo
603 2722 699 2787 citius
733 2741 827 2805 quarn
854 2721 1014 2786 lulianum
1046 2721 1194 2798 ahstulit;
1229 2721 1411 2804 Gratianum
1433 2747 1457 2785 ro
1534 2757 1535 2801 3

269 2829 350 2892 ferro
380 2828 541 2910 tyrannico
570 2828 715 2911 permisit
741 2827 892 2904 interimi,
916 2829 1010 2911 longe
1034 2827 1159 2909 quidem
1184 2828 1295 2892 mitius
1320 2847 1413 2911 qnam

271 2955 420 3019 magnum
444 2934 632 3017 Pompeium
661 2936 815 3000 colentem
840 2936 931 3000 uelut
952 2935 1112 3000 Romanos
1136 2935 1223 3000 deos.
1256 2933 1338 2998 Nam
1360 2933 1413 2999 ille

271 3041 425 3106 uindicari
444 3060 462 3105 a
482 3041 600 3106 Catone
619 3061 681 3107 non
699 3042 816 3124 potuit,
832 3060 925 3123 quem
946 3041 1050 3106 ciuilis
1069 3040 1146 3106 belli
1165 3041 1303 3123 quodam
1322 3039 1413 3106 modo

270 3147 417 3212 heredem
445 3147 630 3230 reliquerat:
659 3148 721 3213 iste
749 3151 865 3226 autern,
890 3147 1037 3230 quamuis
1060 3148 1131 3230 piae
1155 3147 1276 3212 animae
1300 3147 1416 3212 solacia

270 3253 348 3318 talia
374 3273 434 3319 non
463 3255 634 3338 requirant,
663 3273 681 3318 a
704 3254 881 3320 Theodosio
910 3253 1090 3320 uindicatus
1119 3257 1184 3331 cst;
1207 3273 1301 3336 quem
1329 3253 1416 3338 regni
1433 3275 1458 3314 aa

270 3361 457 3444 participem
480 3361 607 3434 lecerat,
632 3381 705 3426 cunr
729 3361 899 3444 paruulum
922 3361 1053 3426 haberet
1076 3363 1108 3426 et
1130 3361 1268 3438 fratrem,
1294 3360 1417 3425 auidior

271 3466 351 3532 fidae
375 3467 538 3534 societatis
562 3487 657 3550 qnam
680 3467 794 3532 nimiae
818 3468 997 3550 potcstatis.
1532 3435 1533 3498 d

308 3641 324 3694 6
353 3639 470 3710 suplicet
486 3641 545 3696 Lu
637 3643 652 3696 7
679 3641 760 3696 him.
780 3646 873 3710 πεπρ.
894 3640 989 3698 liat*
1076 3641 1092 3694 8
1116 3641 1295 3710 suplicsntem
1314 3639 1417 3696 ΙἹΔΟι

271 3729 288 3783 9
315 3745 409 3808 nerum
428 3746 461 3783 m.
484 3733 574 3798 lsup.
595 3731 644 3784 zon.
664 3730 704 3798 L,·
727 3729 770 3784 din
790 3729 927 3784 nerumh
1018 3731 1051 3784 12
1078 3730 1224 3799 imperauit
1247 3733 1279 3782 ut
1301 3730 1374 3783 unin.
1397 3729 1420 3782 C

273 3846 307 3898 14
326 3845 484 3900 amministr.
503 3845 562 3899 LA
653 3811 802 3916 gardino
889 3811 1057 3900 nitorios.0
1128 3848 1160 3900 15
1184 3849 1358 3916 prosperatus
1377 3849 1420 3898 est

704 3928 714 3951 θ

271 3959 329 4014 Lai
341 3959 591 4030 ahdpqalcfm
616 3961 789 4032 prospetatul
809 3963 859 4026 est,
879 3978 893 4016 c
911 3979 946 4015 m.
966 3965 993 4026 2,
1013 3979 1037 4028 e,·
1063 3965 1235 4032 prosperatus
1258 3961 1358 4014 omaro
1377 3963 1419 4014 est

274 4049 412 4103 CDcorb.
505 4051 538 4105 16
558 4049 711 4120 grandehus
729 4049 801 4104 Lrl¹
893 4051 924 4104 17
944 4049 1075 4120 relinquit
1093 4049 1165 4104 La¹
1247 4049 1280 4104 18
1300 4063 1374 4118 qum
1393 4048 1420 4102 L

272 4165 304 4219 21
325 4169 439 4234 tyranno
458 4167 481 4218 e¹
555 4131 763 4234 22p⁰npeinm0
835 4167 869 4220 24
887 4165 1076 4231 hrteredernO
1163 4165 1329 4236 relinquerat
1347 4163 1418 4218 Lm
1530 4175 1531 4178 ’

272 4255 307 4308 26
333 4254 447 4308 haberet
470 4259 498 4308 ct
520 4254 630 4309 fratrem
650 4254 708 4308 Lu
722 4254 927 4324 deepqat·
940 4257 975 4319 ‚‘,·
1001 4255 1116 4308 haberet
1139 4254 1249 4308 fratrem
1267 4270 1284 4307 o
1302 4251 1417 4317 Darat,-

273 4343 502 4397 iratrcurhah.a
555 4343 661 4398 arfide
684 4343 729 4397 Ce
