3072 4928
595 405 622 460 S.
650 402 804 458 Aurelii
831 399 1049 472 Augustini

689 595 824 662 CAPUT
849 595 939 660 XIII.

243 735 324 816 Quo
352 737 451 818 iure,
482 757 557 820 quo
586 738 750 803 foedere
779 736 945 802 Romani
973 733 1231 801 obtinuerint
1264 734 1384 817 prima

715 845 915 929 coniugia.

288 983 475 1064 Quomodo
499 1006 558 1052 nec
578 988 669 1066 Iuno,
695 1006 774 1070 quae
798 1006 871 1052 cum
894 987 971 1052 Ioue
994 1005 1052 1051 sno
1076 983 1139 1050 iam

1025 1116 1043 1155 u
1101 1101 1113 1155 t

331 1185 476 1247 Romanos
499 1205 593 1247 rerum
618 1188 750 1248 domiuus
774 1191 948 1262 gentemque
971 1098 1111 1262 ϊοίἓαὲθέηἶ,

242 1307 300 1352 nec
323 1287 431 1355 Venus
459 1291 529 1374 ipsa
556 1291 712 1356 Aeneidas
741 1310 816 1356 suos
849 1289 955 1374 potuit
986 1288 1147 1366 adiuuare,
1175 1291 1212 1353 ut
1243 1287 1326 1354 bono
1357 1289 1386 1350 et

243 1413 343 1476 aequo
367 1415 453 1461 more
477 1398 623 1482 coniugia
645 1401 849 1476 mererentur,
870 1396 1038 1480 cladesque
1061 1399 1150 1461 tanta
1171 1395 1271 1460 inruit
1293 1395 1385 1458 huius

242 1499 377 1586 inopiae,
405 1504 443 1567 ut
471 1522 507 1568 ea
535 1503 607 1570 dolo
635 1507 780 1588 raperent
807 1524 941 1587 moxque
971 1503 1222 1587 conpellerentur
1248 1521 1385 1586 pugnare

243 1627 316 1672 cum
345 1609 473 1688 soceris,
501 1613 538 1674 ut
564 1609 698 1676 miserae
727 1611 862 1676 ieminao
890 1611 1029 1676 noudum
1059 1630 1094 1674 ex
1122 1609 1237 1674 iniuria
1264 1608 1384 1673 maritis
1401 1629 1423 1670 n
1511 1641 1512 1650 κ

244 1715 428 1781 conciliatae
441 1703 502 1782 iam
519 1721 684 1802 parentum
700 1719 853 1803 sanguiue
868 1718 1070 1783 dotarentur?
1089 1716 1229 1782 Atesim
1242 1715 1386 1780 uicerunt

242 1821 275 1885 in
308 1821 366 1886 hac
399 1823 595 1888 conflictione
623 1825 754 1890 Romani
788 1825 910 1889 uicinos
943 1843 1029 1889 suos.
1073 1821 1206 1902 Quantis
1235 1825 1267 1887 et
1295 1841 1384 1906 quam

243 1927 355 1994 multis
378 1929 536 2013 utrimque
560 1930 745 1995 uulneribus
765 1934 797 1994 et
819 1930 983 1995 funeribus
1006 1932 1070 1994 tam
1091 1929 1336 2014 propinquorum
1357 1931 1386 1992 et

244 2034 414 2100 confinium
432 2035 512 2100 istae
531 2035 683 2101 uictoriae
703 2037 924 2101 constiterunt!
947 2037 1081 2119 Propter
1104 2056 1202 2101 uuum
1223 2035 1385 2101 Caesarem

244 2160 388 2206 socerum
404 2145 436 2207 et
449 2162 547 2207 unum
566 2163 716 2228 generum
735 2143 804 2208 eius
818 2144 1005 2228 Pompeium
1024 2143 1087 2208 iam
1107 2147 1231 2209 mortua
1246 2141 1385 2209 Caesaris
1401 2161 1424 2201 15

243 2247 319 2327 filla,
347 2269 442 2314 uxore
469 2251 612 2333 Pompei,
641 2255 757 2336 quanto
787 2256 819 2316 et
847 2271 941 2335 quam
969 2253 1055 2317 iusto
1084 2251 1201 2317 doloris
1234 2251 1384 2317 instinctu

243 2357 389 2422 Lucanus
414 2357 579 2424 exclamat:

331 2467 414 2528 Bella
435 2487 487 2544 per
509 2469 659 2528 Emathios
682 2471 747 2544 plus
772 2487 857 2544 quam
881 2469 980 2529 ciuilia
1003 2487 1120 2544 campos

329 2557 436 2632 Iusque
460 2559 559 2618 datum
583 2559 684 2618 sceleri
708 2559 847 2618 canimus.

242 2658 394 2724 Vicerunt
423 2679 495 2745 ergo
518 2661 663 2737 Romani,
686 2665 724 2726 ut
747 2665 851 2746 strage
875 2681 1055 2727 socerorum
1077 2659 1224 2726 manibus
1248 2660 1385 2724 cruentis
1402 2678 1426 2718 ru

242 2765 280 2828 ab
306 2785 412 2832 eorum
437 2767 563 2832 filiabus
588 2768 751 2850 amplexus
774 2767 971 2834 miserabiles
991 2770 1219 2850 extorquerent,
1238 2785 1296 2831 nec
1315 2766 1386 2830 illae

242 2872 393 2937 auderent
419 2873 492 2938 flere
515 2879 622 2957 patres
647 2875 780 2952 occisos
804 2894 843 2940 ne
868 2875 1060 2939 offenderent
1082 2875 1220 2938 ulctores
1244 2873 1385 2950 maritos

242 2997 321 3060 quae
345 2977 446 3043 adhuc
471 2979 536 3044 illis
560 2979 775 3064 pugnantibus
798 2999 854 3064 pro
879 2981 994 3063 quibus
1013 2980 1153 3044 iacerent
1174 2983 1251 3045 uota
1268 2980 1386 3045 nescie-

240 3084 326 3148 bant.
373 3085 504 3149 Talibus
541 3086 662 3169 nuptiis
694 3089 849 3170 populum
881 3088 1058 3152 Romanurn
1090 3105 1150 3151 non
1178 3085 1297 3164 Venus,
1330 3086 1384 3151 sed

241 3191 373 3256 Bellona
397 3190 540 3268 donauit3
574 3197 629 3256 aut
657 3193 802 3258 fortassis
830 3193 952 3258 Allecto
981 3194 1039 3258 illa
1065 3193 1187 3258 interna
1213 3192 1297 3258 iuria
1322 3192 1384 3257 iam
1400 3211 1423 3252 a

241 3297 286 3361 eis
314 3297 439 3363 fauente
462 3299 582 3363 lunone
609 3299 681 3381 plus
709 3300 741 3364 iu
769 3301 842 3364 illos
871 3300 983 3364 habuit
1008 3300 1165 3379 licentiae,
1190 3319 1284 3382 quam
1314 3319 1383 3364 cunr

241 3403 308 3468 eius
346 3403 492 3486 precibus
531 3407 638 3470 contra
669 3405 796 3471 Aenean
833 3407 937 3474 fuerat
974 3407 1119 3474 excitata.
1165 3406 1384 3472 Andromacha

329 3595 345 3648 6
364 3591 431 3646 Aen.
450 3592 473 3660 Ι,
492 3592 543 3648 281
563 3611 602 3664 sq.
660 3593 693 3648 18
710 3595 803 3652 Pharo.
822 3597 844 3660 I,
866 3597 878 3650 1
900 3613 939 3666 sq.

275 3715 698 3788 2Quod,dm.1expunct.‚0
766 3719 943 3824 phoerlereG
1014 3721 1190 3826 optgnuerunt
1204 3737 1226 3790 p
1279 3723 1382 3790 Aquae

239 3831 407 3902 onuLA'p
462 3834 529 3887 seo
552 3833 587 3901 0,·
605 3835 689 3890 easd
744 3835 777 3890 10
794 3836 931 3891 martiro
984 3837 1017 3890 12
1036 3837 1156 3891 uinoIO
1208 3837 1241 3890 13
1261 3839 1291 3891 et
1309 3837 1383 3892 lune·

239 3922 313 3976 ribus
328 3921 387 3975 LA
400 3923 460 3990 Co;
478 3940 509 3977 ae
527 3922 583 3978 iun.
603 3941 617 3979 e
634 3925 747 3994 Domb.;
766 3929 848 4031 artque
866 3925 924 3984 fun.
943 3943 978 3982 m.
995 3930 1015 3980 2
1032 3927 1064 3980 iu
1081 3943 1167 3997 marg.
1181 3942 1204 3995 p
1260 3927 1294 3982 18
1313 3942 1382 3980 ema·

238 4037 292 4091 tios
311 4037 384 4103 LA,·
402 4037 604 4094 haemathiose
666 4041 702 4096 20
720 4059 840 4096 socerum
860 4041 887 4094 L
950 4043 985 4095 24
1004 4041 1107 4096 nubtiis
1125 4044 1163 4109 A,·
1182 4057 1292 4097 corroso
1310 4058 1382 4096 mor·

236 4127 301 4196 piac
319 4125 421 4180 eccidit
439 4127 471 4180 io
488 4128 515 4181 L
586 4131 620 4184 25
645 4129 753 4184 dotauit
770 4129 807 4185 Α2
878 4129 984 4185 adiecto
998 4148 1035 4200 p,·
1053 4130 1148 4185 Alecto
1167 4147 1208 4201 qo
1279 4129 1384 4185 inferne

238 4213 579 4284 LAGabdc¹pobf,·
596 4219 736 4273 infernalis
749 4217 825 4289 e²qv
896 4219 1134 4288 iunasupdiob
1189 4220 1223 4274 27
1242 4219 1382 4290 praecibus

238 4302 312 4358 L¹0
381 4303 509 4360 fueritO
