3108 4926
366 435 416 489 De
445 433 619 486 ciuitate
648 433 709 488 dei
736 433 802 488 lib.
827 433 1000 504 VllI.,cap.
1025 435 1049 488 2.
1215 437 1280 504 355

130 629 185 694 ubi
223 635 257 694 et
287 650 371 695 nunc
404 627 537 696 Graecia
569 630 757 698 nominatur.
799 630 949 696 Italicum
981 649 1081 714 genus
1118 633 1281 696 auctorem

130 737 243 802 habuit
267 738 480 823 Pythagoram
499 735 652 816 Samium,
672 757 691 802 a
714 745 784 820 quo·
801 738 896 802 etism
920 737 1026 802 femnt
1047 735 1154 820 ipsum
1177 736 1280 818 philo-

130 844 261 928 sophiae
285 862 398 908 nomen
423 846 576 909 exortum.
599 843 680 930 llam
705 863 777 910 cum
797 847 889 909 antea
906 843 1066 925 sapientes
1086 842 1279 927 appellaren-

129 955 190 1030 tur,
216 951 273 1034 qui
299 951 394 1015 modo
423 950 560 1033 quodam
587 949 759 1016 laudabilis
786 950 871 1016 uitae
899 950 970 1014 aliis
998 953 1158 1034 praestare
1190 949 1279 1015 uide·

96 1057 256 1136 abactor,
288 1059 350 1122 iste
383 1058 608 1142 interrogatae,
637 1055 716 1138 quid
747 1055 957 1139 profiteretur,
984 1055 1212 1140 philosophum
1246 1075 1280 1120 se

129 1184 200 1230 esse
233 1165 407 1248 respondit,
435 1164 469 1231 id
501 1167 551 1230 est
583 1164 765 1230 studiosum
798 1164 851 1228 uel
883 1165 1055 1228 amatorem
1088 1163 1278 1246 sapientiae:

130 1273 280 1354 quoniam
303 1271 478 1354 sapientem
497 1271 637 1356 profiteri
656 1269 958 1354 adrogantissimum
973 1270 1156 1336 uidebatur.
1179 1269 1279 1336 Ionici

129 1398 204 1443 nero
243 1377 368 1463 generis
403 1377 550 1461 princeps
588 1378 650 1442 fuit
686 1375 799 1442 Thales
836 1375 996 1453 Milesius,
1030 1395 1111 1441 unus
1149 1376 1278 1442 illorum

129 1489 264 1567 septem,
286 1485 342 1566 qui
365 1486 440 1550 sunt
463 1483 615 1567 appellati
638 1483 808 1566 sapientes.
833 1481 896 1548 Sed
918 1482 967 1548 illi
986 1501 1040 1548 sex
1058 1482 1144 1548 uitae
1164 1501 1278 1568 genere

85 1611 111 1650 ro
129 1591 409 1676 distinguebantur
436 1596 469 1656 et
496 1590 687 1674 quibusdam
715 1591 892 1673 praeceptis
922 1589 961 1654 ad
992 1589 1071 1656 bene
1105 1589 1278 1654 uiuendum

128 1696 394 1774 adcommodatis3
422 1697 484 1763 iste
513 1699 619 1762 autem
643 1695 767 1771 Thales,
791 1700 828 1760 ut
856 1715 1057 1762 successores
1086 1695 1181 1762 etiam
1209 1714 1278 1779 pro·

127 1807 271 1888 negaret
287 1823 393 1868 rerum
407 1806 551 1868 naturam
571 1804 732 1866 scultetus
753 1820 890 1885 suasque
911 1801 1143 1886 disputationes
1161 1801 1278 1868 litteris

128 1910 281 1975 mandans
315 1910 450 1975 eminuit
475 1909 672 1990 maximeque
700 1908 895 1973 admirabihs
924 1908 1037 1988 extitit,
1067 1909 1152 1992 quod
1179 1913 1278 1976 astro-

126 2019 230 2104 logiae
267 2015 407 2080 numeris
444 2014 668 2098 conprehensis
705 2013 848 2079 delectus
881 2014 958 2078 solis
991 2019 1025 2078 et
1055 2015 1148 2079 lunae
1181 2015 1276 2080 etiam

85 2143 110 2183 rs
127 2124 308 2207 praedicere
322 2123 436 2205 potuit.
459 2121 583 2206 Aquam
604 2127 708 2186 tamen
727 2121 857 2204 putauit
874 2140 978 2186 rerum
998 2141 1068 2187 esse
1086 2122 1277 2204 principium

128 2232 160 2294 et
181 2230 255 2296 hinc
279 2230 386 2296 omnia
409 2229 564 2294 elementa
586 2229 697 2322 pnuudi
719 2227 889 2312 ipsumque
913 2227 1066 2292 mundum
1090 2234 1123 2294 et
1146 2230 1277 2312 quaein

127 2357 163 2404 eo
193 2337 369 2422 gignuntur
396 2337 540 2402 existere.
579 2335 669 2400 Nihil
697 2337 802 2399 autern
826 2335 901 2400 hnic
926 2334 1022 2417 operi,
1048 2335 1132 2419 qnod
1155 2337 1272 2401 mundo

128 2444 326 2510 considerato
359 2445 426 2508 tam
457 2442 603 2508 mirabile
636 2441 819 2524 aspicimus,
848 2461 885 2506 ex
918 2440 1025 2506 diuina
1057 2446 1162 2508 mente
1189 2462 1276 2526 prae-

126 2549 246 2632 posuit.
269 2551 356 2615 Huic
380 2549 539 2615 suecessit
559 2547 796 2624 Anaximander,
821 2548 890 2613 eius
915 2548 1049 2628 auditor,
1073 2549 1275 2633 mutauitque

83 2677 110 2716 ao
127 2656 165 2720 de
188 2675 293 2721 rerum
318 2659 430 2720 natura
454 2655 643 2740 opinionem.
668 2655 739 2719 Non
759 2653 841 2719 enirn
862 2674 897 2719 er
917 2675 978 2720 uns
996 2675 1039 2731 re,
1057 2655 1142 2720 sicut
1160 2655 1275 2722 Thales

126 2783 162 2828 ex
190 2782 311 2838 umore,
340 2762 396 2827 sed
424 2781 460 2826 ex
488 2760 556 2828 suis
583 2761 719 2845 propriis
748 2760 911 2845 principiis
940 2781 1082 2845 quasque
1110 2781 1160 2826 res
1187 2762 1276 2828 nasci

126 2869 264 2953 putauit.
289 2867 377 2948 Quae
390 2889 494 2934 rerum
509 2869 666 2952 principia
684 2868 881 2953 singularum
901 2887 971 2933 esse
991 2868 1125 2934 credidit
1142 2868 1274 2946 infinita,

126 2981 158 3042 et
180 2975 426 3042 innumerabiles
449 2975 583 3040 mundos
608 2975 735 3060 gignere
760 2979 792 3040 et
815 2994 1033 3058 quaecumque
1055 2975 1086 3040 in
1106 2975 1152 3040 eis
1172 2975 1274 3041 oriun-

125 3087 191 3160 tur;
221 3101 340 3166 eosque
368 3082 502 3146 mundos
530 3081 624 3147 modo
654 3081 798 3160 dissolui,
827 3081 921 3145 modo
950 3081 1065 3146 iterum
1097 3082 1188 3166 gigni
1213 3081 1274 3147 exi-

83 3190 282 3267 aestimauit,
303 3191 420 3272 quanta
444 3188 578 3272 quisque
602 3191 705 3253 aetate
730 3208 788 3253 sua
806 3208 930 3253 manere
949 3189 1103 3271 potuerit;
1129 3208 1185 3253 nec
1204 3190 1273 3273 ipse

126 3295 247 3378 aliquid
275 3295 399 3360 diuinae
428 3296 526 3360 menti
554 3295 585 3359 in
613 3295 663 3358 his
691 3314 796 3359 rernm
831 3295 980 3378 operibus
1012 3295 1165 3360 tribuens.
1207 3295 1273 3360 Iste

127 3403 337 3468 Anaximenen
367 3402 562 3485 discipulum
596 3405 629 3465 et
660 3419 876 3467 successorem
909 3401 1048 3483 reliquit,
1078 3403 1132 3485 qui
1165 3422 1273 3468 omnes

124 3530 229 3575 rerum
254 3528 366 3575 causas
391 3509 455 3572 aeri
477 3507 600 3572 infinito
624 3507 722 3586 dedit,
746 3527 803 3572 neo
827 3507 902 3573 deos
925 3508 1056 3594 negauit
1079 3511 1134 3573 aut
1156 3510 1272 3579 tacuit;

162 3763 225 3816 let
243 3760 325 3829 ubiq
396 3759 561 3830 nominatur]
580 3761 752 3829 nuncupatur
771 3758 807 3828 lq
861 3759 962 3874 dsunt
980 3777 1037 3829 sap
1057 3761 1159 3857 appell.
1173 3777 1206 3828 a,·
1224 3777 1270 3831 ap-

126 3887 187 3956 pell.
207 3889 271 3940 sunt
290 3902 346 3956 asp.
365 3901 381 3939 u
453 3901 485 3939 ex
504 3883 581 3954 nimi,
602 3901 715 3948 ceras..
733 3901 747 3938 a
821 3884 851 3938 11
893 3885 1041 3938 cessoresl
1096 3885 1129 3939 13
1148 3885 1271 3947 eminuit,

123 4011 154 4064 in
172 4027 259 4080 marg.
280 4010 400 4072 emicuit,
420 4025 434 4063 e
498 4009 531 4062 15
560 4025 641 4079 quam
663 4009 687 4062 0
740 4009 772 4062 17
793 4009 973 4078 gignanturc
1028 4009 1060 4064 18
1079 4008 1272 4064 admirabiles

126 4136 157 4188 19
178 4135 242 4188 huic
261 4138 385 4188 autema
473 4133 613 4201 aditord,·
631 4133 778 4201 adiutor‚'
765 4151 798 4187 m
815 4149 901 4204 marg.
921 4133 997 4187 audr
985 4137 1070 4196 ore
1139 4133 1175 4188 24
1189 4135 1272 4202 prius

124 4223 202 4278 modo
220 4240 282 4292 sup.
303 4223 390 4286 lin.,e
462 4223 629 4276 estimauite
682 4224 715 4276 27
736 4221 953 4278 anaximendere
1006 4223 1041 4276 28
1060 4223 1166 4276 infinito
1186 4223 1271 4277 aerio

124 4305 154 4392 at
174 4339 197 4394 0

1184 4443 1233 4496 23*
