3164 4932
388 428 437 480 De
466 429 639 484 ciuitate
668 430 728 482 dei
757 431 820 484 lib.
845 432 905 488 XII.
931 449 1005 502 cap.
1033 437 1074 486 15.
1236 440 1300 502 589

152 631 266 708 pulani
294 625 340 690 sic
365 625 475 689 eadem
496 627 676 706 temporum
700 630 984 712 temporaliumque
1008 651 1111 696 rerum
1136 633 1300 698 uolumina

152 733 262 814 repeti,
292 737 327 796 ut
356 731 444 796 uerbi
472 733 582 816 gratia,
611 733 696 796 sicul
722 733 785 798 islo
815 737 941 800 saeculo
969 737 1061 801 Plato
1089 739 1299 822 philosophus

153 840 184 903 iu
210 841 286 904 urbe
309 837 495 904 Atheniensi
518 843 550 903 el
572 839 603 902 in
629 859 665 902 ea
689 841 808 917 schola,
833 861 912 924 quae
935 844 1106 908 Academia
1131 846 1298 926 dictasse,

152 946 326 1028 discipulos
351 945 468 1020 docuit,
491 945 537 1010 ila
559 965 615 1028 per
636 946 879 1012 innumerabilia
901 951 983 1014 retro
1008 951 1136 1016 saecula
1160 954 1298 1018 mulium

118 1053 279 1135 squidem
312 1051 442 1134 prolixis
468 1050 657 1128 interuallis,
684 1053 739 1116 sed
766 1057 871 1117 tamen
901 1055 1006 1132 cerlis,
1035 1061 1067 1120 ot
1094 1057 1177 1122 idem
1205 1058 1297 1124 Plelo

151 1164 183 1225 el
211 1161 319 1225 eedem
349 1159 463 1222 ciuitas
492 1162 524 1222 et
552 1157 661 1222 eadem
689 1159 798 1223 schola
824 1161 971 1243 idemque
1000 1163 1149 1245 discipuli
1171 1166 1298 1248 repetiti

150 1273 183 1332 et
205 1288 261 1352 per
282 1265 523 1332 innumerabilia
546 1264 656 1329 deinde
681 1267 808 1330 saecula
831 1268 991 1350 repetendi
1014 1269 1087 1336 sint.
1124 1271 1228 1350 Absit,
1251 1272 1296 1336 iu-

150 1393 254 1455 quam,
283 1379 319 1437 ub
348 1393 404 1438 uos
433 1373 496 1436 isba
524 1372 699 1437 credamus
738 1373 842 1438 Semel
870 1375 951 1438 enim
977 1375 1122 1442 Christus
1151 1381 1296 1462 mortuus

149 1487 198 1546 est
226 1500 281 1565 pro
309 1479 448 1562 peccatis
476 1479 606 1552 nostris3
641 1499 773 1563 surgens
802 1484 907 1545 aurem
936 1501 953 1546 a
981 1484 1115 1548 moriaris
1143 1485 1206 1548 iam
1234 1505 1296 1552 nou

104 1609 129 1645 10
149 1589 291 1662 moritur,
330 1590 362 1651 eb
398 1605 481 1650 mors
520 1587 548 1650 ei
586 1586 669 1650 uldra
704 1605 765 1650 non
802 1587 1029 1662 dominabitun
1067 1595 1099 1654 eb
1132 1611 1188 1656 nos
1223 1596 1297 1675 posi

147 1694 408 1759 resurrectionem
427 1712 552 1774 semper
571 1711 643 1756 oum
662 1692 797 1756 Domino
818 1694 945 1768 erimus,
966 1695 1016 1758 cui
1036 1695 1128 1760 modo
1148 1697 1295 1778 dicimus,

148 1801 232 1883 quod
261 1820 349 1865 sacer
372 1800 519 1864 admonet
541 1799 699 1881 psalmus:
724 1799 789 1878 Tu,
814 1801 989 1880 Domine,
1015 1803 1199 1868 seruabis
1224 1825 1305 1896 nos⁸

148 1915 186 1972 el
211 1907 423 1972 custodies
449 1927 517 1971 nos
538 1927 556 1970 a
575 1907 840 1989 generatione
864 1907 936 1972 hac
960 1912 999 1972 ei
1018 1910 1054 1972 in
1075 1914 1294 1978 aeternum.

148 2015 234 2080 Sabis
263 2019 368 2078 aulem
397 2015 468 2079 istis
498 2014 641 2078 existimo
670 2014 837 2077 conuenire
861 2015 945 2096 quod
970 2013 1127 2098 seduilur:
1155 2017 1198 2082 In
1224 2019 1293 2083 cir-

103 2140 126 2179 15
147 2121 262 2186 cuitu
285 2121 388 2204 inpii
412 2120 693 2195 ambulabun13
720 2141 780 2186 non
800 2122 873 2202 quia
891 2141 945 2204 per
966 2123 1112 2202 circulos,
1128 2143 1207 2206 quos
1228 2127 1292 2208 opi-

145 2235 270 2306 nantur,
302 2247 410 2293 eorum
445 2228 512 2292 uita
544 2230 594 2292 esi
624 2245 799 2302 recursura,
833 2227 888 2292 sed
917 2227 991 2310 quia
1018 2230 1111 2294 modo
1141 2231 1214 2296 ralis
1243 2235 1294 2296 esi

146 2335 260 2399 erroris
284 2353 390 2400 eorum
416 2335 478 2412 uia,
502 2333 534 2397 id
559 2337 608 2396 esd
632 2333 711 2396 falsa
735 2333 885 2398 doctrina.

606 2525 743 2591 CAPUT
766 2525 833 2590 XV.

146 2671 200 2734 De
237 2671 455 2752 temporali
492 2669 730 2733 conditione
768 2669 932 2750 generis
970 2671 1142 2746 humani,
1178 2691 1292 2754 quarn

101 2777 254 2841 roDeus
288 2796 358 2841 nec
391 2795 492 2841 nouo
527 2775 703 2839 consilio
737 2775 975 2840 instituerit
1004 2795 1072 2840 uec
1100 2779 1302 2857 mutabili¹

606 2882 831 2946 uoluntate.

191 3025 274 3105 Quid
303 3033 408 3088 autern
438 3025 553 3089 mirum
584 3029 642 3099 est,
673 3025 699 3086 si
727 3024 758 3086 in
788 3023 836 3086 bis
861 3005 1048 3091 circuitibus
1072 3030 1210 3104 eruendas
1235 3047 1293 3091 nee

145 3133 267 3196 aditum
302 3151 357 3196 neo
392 3132 509 3195 exilum
539 3131 726 3195 inueniunt?
754 3130 833 3212 quia
865 3149 963 3212 genus
996 3133 1166 3196 humanum
1191 3132 1293 3214 adque

143 3240 208 3315 isla
240 3243 347 3302 nostra
378 3239 556 3302 mortalitas
584 3257 640 3301 uec
670 3255 731 3326 quo
759 3237 850 3301 initio
879 3229 1002 3318 coepta
1019 3225 1062 3302 sil
1089 3239 1205 3319 sciunt,
1236 3259 1292 3304 uec

99 3373 124 3409 25
144 3363 206 3426 quo
231 3345 291 3408 fine
316 3345 494 3418 claudatem
524 3343 648 3426 quando
673 3342 799 3424 quidem
825 3344 1024 3408 altitudinem
1048 3344 1107 3408 Dei
1131 3335 1293 3426 penetrare

234 3634 250 3684 9
270 3631 345 3684 Rom.
365 3634 390 3694 6,
410 3633 426 3684 9
492 3631 524 3684 12
543 3631 589 3686 Ps.
611 3633 652 3694 11,
672 3633 687 3683 8
708 3648 747 3700 sq.

178 3809 194 3859 2
214 3806 323 3860 saeculo
341 3805 421 3859 Plato
441 3805 629 3874 philosophus]
650 3805 752 3858 saeculi
770 3805 856 3875 iniqui
873 3807 1025 3876 (iniquom.
1043 3807 1073 3877 2,)
1089 3799 1291 3877 philosophos'l

143 3895 291 3964 3schole]
317 3893 672 3962 comnmodatior
761 3894 910 3963 4docuib]
930 3895 1052 3950 floruibl
1160 3897 1260 3950 saeculi
1280 3903 1314 3951 1ἱ

143 3982 289 4052 bprolixis
309 3983 452 4052 quideme
525 3983 588 4035 bet
607 3981 709 4034 ideml
781 3985 960 4053 aresurgens
980 4001 1018 4038 ec
1091 3989 1181 4038 autern
1201 4001 1251 4039 om.
1272 4003 1290 4038 α

145 4075 176 4127 13
197 4073 315 4126 ullorum
334 4076 362 4124 eb
381 4089 431 4125 om.
448 4073 564 4140 abluo
621 4074 654 4125 14
672 4073 745 4140 istis]
767 4076 794 4126 et
809 4073 879 4125 istit
950 4075 1091 4127 circumitu
1106 4075 1147 4128 eie
1159 4089 1291 4143 coepero

143 4163 175 4216 15
195 4168 221 4214 et
240 4179 266 4229 p.
285 4161 346 4224 590,
368 4162 401 4214 14
424 4161 603 4214 arnbnlabunt
633 4159 750 4226 Vsum
774 4161 913 4214 ambulant
939 4163 1070 4230 abl¹po
1163 4163 1195 4216 18
1224 4161 1291 4232 Cap.

141 4251 253 4306 xrlsso
310 4253 341 4304 19
361 4251 586 4319 hemgenerisp
641 4252 676 4305 20
695 4251 949 4320 constitueritpqu
1004 4255 1037 4307 '25
1058 4252 1290 4322 quidemquando

142 4359 203 4395 eum
223 4341 449 4408 transpositionis
466 4348 535 4395 nola
560 4342 585 4394 V
