3072 4930
376 440 427 495 De
456 443 629 498 ciuitate
658 441 721 497 dei
748 443 813 498 lib.
838 443 902 499 1111.
929 461 1004 514 cap.
1029 447 1054 502 6.
1226 451 1290 516 169

605 638 741 706 CAPUT
765 640 819 707 VI.

132 778 189 843 De
227 778 463 862 cupiditate
497 779 590 846 Nini
621 781 745 867 regis,
779 782 846 864 qui
876 785 920 847 ut
950 782 1081 848 letius
1117 783 1291 850 domina-

303 889 416 951 retur
437 888 592 969 primus
616 889 765 954 intulit
788 889 899 954 bella
920 889 1130 956 finitimis.

179 1029 339 1106 Iustinus,
359 1029 413 1111 qui
438 1029 589 1096 Graecam
614 1031 667 1095 uel
689 1031 798 1114 potius
821 1032 1017 1118 peregrinam
1037 1033 1176 1120 Trogum
1199 1035 1292 1100 Pom-

105 1137 248 1219 speium
277 1139 407 1201 secutus
440 1155 501 1201 non
534 1137 645 1202 Latine
678 1143 812 1215 tantum,
842 1137 927 1204 sicut
957 1139 1023 1216 ille,
1048 1160 1159 1205 uerum
1196 1142 1291 1205 etiem

134 1243 281 1308 breuiter
309 1241 437 1325 scripsit
460 1243 637 1320 historiam,
662 1263 742 1327 opus
764 1243 917 1310 librorum
941 1265 1071 1311 suorum
1096 1247 1142 1312 sic
1165 1247 1290 1330 incipit:

134 1349 310 1433 ‘Principio
340 1367 444 1414 rerum
473 1351 616 1433 gentium
641 1351 868 1434 nationumque
889 1352 1059 1435 imperium
1082 1371 1178 1436 penes
1201 1373 1292 1438 reges

137 1459 217 1534 erat,
234 1475 314 1538 quos
330 1455 369 1520 ad
389 1455 554 1540 fastigium
574 1457 670 1521 huius
689 1459 867 1522 maiestatis
886 1477 948 1522 non
968 1459 1099 1524 ambitio
1118 1460 1292 1543 popularis,

137 1563 198 1628 sed
223 1566 368 1647 spectato
389 1564 472 1628 iuter
495 1565 594 1629 honos
618 1565 792 1631 moderatio
817 1567 1022 1648 prouehobat.
1055 1567 1171 1651 Populi
1194 1568 1292 1632 nullis

97 1699 122 1738 10
138 1671 271 1755 legibus
308 1669 497 1734 tenebantur
530 1666 671 1757 [arbitria
706 1672 884 1755 principum
920 1693 977 1755 pro
1014 1673 1139 1758 legibus
1178 1671 1292 1762 erant];

139 1777 220 1841 fines
244 1777 370 1858 imperii
392 1777 476 1840 tueri
498 1777 601 1860 magis
625 1796 720 1859 quam
744 1779 883 1861 proferre
906 1797 976 1846 mos
996 1785 1077 1857 erat;
1101 1782 1183 1845 intra
1203 1799 1292 1846 suum

142 1884 259 1965 cuique
287 1882 422 1966 patriam
445 1901 543 1966 regna
565 1883 762 1949 finiebantur.
799 1884 926 1950 Primus
951 1887 1092 1951 omnium
1114 1887 1218 1952 Ninus
1241 1905 1294 1952 rex

141 1990 346 2074 Assyriorum
374 1993 516 2054 ueterem
544 1993 577 2055 et
604 1991 695 2074 quasi
723 1992 846 2056 auitum
878 1993 1026 2076 gentihus
1059 2011 1179 2059 morem
1211 2013 1295 2059 noua

142 2097 271 2181 imperii
295 2096 468 2179 cupiditate
495 2097 644 2161 mutauit.
681 2098 743 2163 Hie
766 2097 887 2180 primus
911 2099 1021 2163 intulit
1042 2099 1128 2165 bella
1149 2099 1294 2164 finitimis

102 2231 125 2270 re
145 2208 177 2268 et
204 2203 300 2268 rudes
329 2203 432 2267 adhuc
460 2202 498 2267 ad
526 2203 737 2268 resistendum
765 2206 902 2288 populos
936 2204 974 2270 ad
1006 2207 1159 2272 terminos
1192 2223 1294 2289 usque

143 2311 262 2394 Libyae
276 2308 479 2392 perdomuit?
501 2309 541 2372 lot
559 2309 653 2392 paulo
673 2313 759 2392 post:
776 2308 897 2388 ‘Ninus
912 2311 1027 2394 inquit,
1042 2313 1295 2396 magnitudinem

144 2416 310 2499 quaesitae
334 2414 556 2482 dominationis
582 2417 730 2482 continue
751 2419 953 2500 possessione
977 2417 1126 2486 firmauit.
1157 2419 1294 2485 Domitio

144 2523 244 2608 igitur
262 2523 413 2607 proximis
434 2541 506 2587 cum
526 2523 706 2588 accessione
725 2524 842 2589 uirium
862 2524 973 2589 fortior
991 2525 1031 2590 ad
1050 2525 1129 2591 alios
1149 2528 1297 2592 transiret

146 2635 177 2694 et
208 2629 352 2714 proxima
385 2648 527 2712 quaeque
559 2629 694 2694 uictoria
725 2631 972 2696 instrumentum
1004 2633 1167 2714 sequentis
1200 2637 1295 2712 esset,

104 2755 128 2795 ao
144 2737 246 2802 totius
272 2735 408 2801 Orientis
437 2737 572 2820 populos
601 2731 750 2822 subegit'.
790 2737 939 2818 Qualibet
966 2743 1073 2804 autem
1101 2739 1162 2805 fide
1190 2759 1295 2804 rerum

146 2846 198 2908 uel
230 2845 294 2908 iste
327 2843 379 2907 uel
411 2844 535 2928 Trogus
573 2845 737 2927 scripserit
770 2850 855 2930 (nam
894 2846 1049 2928 quaedam
1087 2847 1160 2911 illos
1197 2846 1298 2910 fuisse

148 2951 301 3016 mentitos
330 2951 410 3016 aliae
438 2950 595 3016 fideliores
620 2951 744 3016 litterae
769 2951 965 3039 ostendunt),
991 2955 1115 3018 constat
1138 2955 1241 3016 tumen
1267 2955 1299 3016 et

148 3059 228 3123 inter
257 3057 337 3122 alios
366 3057 535 3140 scriptores
563 3077 697 3142 regnum
721 3059 925 3142 Assyriorum
949 3079 967 3124 a
990 3058 1071 3124 Nino
1100 3077 1173 3144 rege
1196 3059 1297 3123 fuisse

148 3165 243 3250 longe
276 3165 403 3247 lateque
435 3167 626 3247 porrectum.
670 3163 747 3229 Tam
780 3165 834 3229 diu
867 3169 973 3230 autem
1006 3165 1233 3249 perseuerauit,
1261 3166 1298 3229 ut

109 3271 327 3336 rsRomanum
354 3268 494 3334 nondum
523 3271 566 3334 sit
593 3270 663 3335 eius
692 3272 814 3338 aetatis.
853 3271 935 3335 Nam
959 3271 1044 3335 sicut
1067 3270 1219 3348 scribunt,
1244 3270 1299 3352 qui

148 3377 330 3444 chronicam
353 3377 519 3442 historiam
543 3379 702 3459 persecuti
726 3381 811 3451 sunt,
830 3379 918 3442 mille
943 3379 1096 3443 ducentos
1117 3382 1149 3441 et
1168 3377 1298 3461 quadra-

141 3486 238 3569 ginta
267 3502 366 3548 annos
394 3483 432 3548 ab
462 3501 541 3547 enno
570 3484 683 3566 primo,
713 3503 774 3567 quo
803 3483 906 3549 Ninus
935 3503 1065 3569 regnare
1092 3485 1207 3568 coepit,
1230 3503 1298 3567 per-

147 3591 267 3656 mansit
298 3590 358 3654 hoc
389 3609 534 3674 regnum,
562 3589 660 3656 donec
691 3591 913 3656 transferretur
946 3591 984 3656 ad
1016 3591 1138 3656 Medos.
1180 3590 1297 3655 Inferre

147 3701 255 3761 autern
284 3695 366 3760 bella
394 3697 538 3760 finitimis
568 3701 600 3762 et
627 3697 658 3761 in
688 3701 793 3762 cetera
815 3697 887 3762 inde
910 3697 1078 3780 procedere
1102 3715 1138 3761 ac
1161 3697 1296 3780 populos

184 3967 200 4021 3
219 3965 321 4022 bollum
338 3981 358 4034 p
433 3965 466 4020 10
491 3965 614 4034 [arbitria
626 4007 632 4020 .
644 4008 650 4018 .
662 4008 668 4021 .
681 3967 768 4036 erent]
789 3983 839 4022 om.
860 3965 937 4020 codd.
952 3973 1067 4035 praeter
1084 3965 1121 4036 ql,
1139 3965 1171 4018 in
1190 3981 1243 4034 quo
1261 3981 1296 4018 ru.

148 4073 199 4111 reo.
218 4055 306 4110 aerbo
323 4055 404 4110 uncie
421 4055 533 4110 inolitae
550 4061 617 4112 aunt
673 4057 703 4111 11
724 4056 786 4110 linis
809 4056 833 4110 0
903 4055 1030 4126 proferre,
1049 4057 1080 4110 in
1098 4071 1183 4161 mgrp.
1204 4057 1297 4109 exlen-

151 4171 262 4238 dereli
356 4171 389 4226 12
418 4171 505 4226 minus
530 4177 555 4226 et
572 4173 613 4225 aio
631 4172 648 4226 l.
668 4177 704 4226 16
725 4171 759 4226 0¹
851 4171 883 4226 13
912 4171 1015 4226 abitum
1034 4170 1120 4239 Lh¹;
1138 4171 1242 4226 abitum
1261 4171 1297 4226 Λ8

151 4260 182 4314 16
201 4259 364 4332 perdomuit.
385 4260 635 4330 etpaulom.2a'n
650 4261 772 4330 marah
829 4261 862 4316 19
882 4259 1124 4330 ctercp.lin,LO
1176 4261 1210 4314 26
1229 4258 1296 4326 duo·

150 4353 240 4405 centos
262 4347 287 4403 0
339 4349 503 4404 nerstein
524 4352 647 4404 ceterae
