3136 4928
297 421 363 484 484
642 415 668 470 S.
696 416 853 471 Aurelii
881 416 1096 486 Augustini

298 612 547 678 misericordiam
572 631 673 690 suem,
698 611 780 676 etin
800 612 859 675 hae
877 611 947 675 uita
964 630 1021 693 per
1038 609 1133 674 fidem
1152 609 1302 694 regimur,
1323 613 1446 693 etpost

297 721 378 785 hano
410 720 510 783 uitam
540 739 597 800 per
626 721 726 802 ipsam
757 719 895 802 speciem
927 718 1200 782 Incommutabilis
1230 717 1379 782 ueritatis
1409 717 1444 781 ed

298 827 522 911 perfectionem
545 826 763 908 plenissimam
787 826 1006 909 perducemur.

732 1019 870 1086 CAPUT
892 1019 1011 1084 XXIII.

322 1165 376 1229 De
400 1161 637 1248 principiis,
665 1163 704 1227 in
729 1162 877 1244 quibus
902 1161 1112 1226 Platonici
1135 1161 1422 1245 purgationem
1467 1182 1477 1217 s
1543 1183 1544 1188 ¹

596 1272 749 1335 animae
774 1289 862 1334 esse
884 1270 1153 1352 profitentur.

343 1414 429 1479 Dicit
461 1413 556 1478 etiam
581 1413 774 1496 Porphyrius
808 1413 924 1477 diuinis
958 1412 1094 1478 oraculis
1124 1411 1225 1476 fuisse
1257 1429 1441 1493 responsum

298 1542 355 1587 nos
374 1541 435 1587 non
455 1521 584 1603 purgari
601 1521 695 1584 lunae
714 1521 822 1584 teletis
842 1520 944 1601 adque
964 1520 1053 1596 solis,
1077 1523 1114 1582 ut
1132 1519 1205 1584 hinc
1225 1517 1442 1582 ostenderetur

298 1630 457 1694 nullorum
482 1627 612 1691 deorum
636 1626 742 1690 teletis
768 1626 927 1690 hominem
951 1646 1045 1708 posse
1069 1626 1205 1710 purgari.
1237 1624 1339 1690 Cuius
1364 1625 1440 1689 enim

195 1809 198 1817 .
297 1735 413 1802 teletae
446 1738 593 1818 purgant,
627 1733 655 1797 si
687 1734 780 1798 lunae
814 1734 956 1814 solisque
985 1752 1046 1797 non
1073 1737 1220 1816 purgant,
1253 1751 1335 1814 quos
1365 1733 1478 1796 intere

298 1843 450 1908 caelestes
476 1841 552 1906 deos
575 1841 762 1922 praecipuos
786 1841 922 1904 habent?
964 1841 1108 1924 Denique
1137 1841 1248 1905 eodem
1272 1841 1352 1905 dicit
1380 1859 1441 1904 ora-

298 1950 369 2015 culo
394 1967 577 2030 expressum
600 1948 755 2030 principia
772 1967 866 2030 posse
886 1967 1031 2032 purgare,
1055 1967 1092 2011 ne
1111 1949 1203 2022 forte,
1228 1965 1299 2010 curn
1323 1946 1439 2010 dietum

298 2060 383 2122 esset
406 2075 465 2120 non
491 2075 624 2138 purgare
648 2055 762 2120 teletas
788 2056 865 2119 solis
890 2057 922 2119 et
944 2057 1047 2130 lunae,
1077 2055 1212 2118 alicuius
1237 2053 1370 2118 ulterius
1394 2052 1439 2116 dei
1543 2081 1544 2092 ³

299 2163 336 2226 de
373 2163 467 2225 turba
504 2163 608 2225 ualere
645 2161 684 2225 ad
720 2163 917 2247 purgandum
948 2161 1063 2225 teletae
1097 2161 1308 2225 crederentur.
1358 2158 1440 2238 Quae

299 2272 405 2334 autem
438 2268 524 2332 dicat
556 2287 626 2333 esse
663 2269 817 2351 principia
854 2273 1016 2350 tamquam
1048 2268 1243 2342 Platonicus,
1282 2268 1438 2331 nouimus.
1457 2283 1478 2322 u

299 2375 385 2440 Dicit
422 2375 505 2439 enim
542 2375 644 2439 Deum
676 2375 803 2438 Patrem
837 2379 868 2439 et
901 2375 1004 2439 Deum
1036 2375 1165 2448 Filium,
1204 2393 1297 2456 quem
1324 2373 1439 2438 Graece

299 2482 438 2565 appellat
474 2484 640 2562 paternum
678 2481 876 2546 intellectum
922 2482 972 2544 uel
1009 2486 1171 2564 paternam
1209 2487 1363 2556 mentem
1405 2479 1440 2542 de
1543 2477 1544 2564 l

299 2587 417 2670 Spiritu
442 2593 549 2652 antem
573 2590 681 2653 saneto
714 2590 769 2652 aunt
798 2587 878 2652 nihil
906 2591 962 2652 aut
989 2606 1048 2651 non
1075 2591 1180 2668 aperte
1205 2587 1328 2668 aliquid
1351 2586 1438 2658 dicit
1543 2599 1544 2682 p

298 2697 443 2780 quamuis
469 2717 562 2778 quern
587 2697 682 2760 alium
708 2695 793 2760 dicat
815 2696 928 2760 horum
952 2694 1103 2772 medium,
1126 2714 1187 2758 non
1210 2694 1375 2778 intellego.
1408 2693 1439 2757 Si
1543 2685 1544 2726 ³

299 2803 381 2868 enim
404 2803 541 2880 tertiam,
567 2804 650 2868 sieut
673 2803 829 2878 Plotinus,
853 2802 908 2867 ubi
932 2803 969 2866 de
993 2802 1094 2866 tribus
1118 2801 1345 2884 principalibus
1369 2800 1477 2864 sub-2⁰

299 2909 424 2974 stantiis
449 2909 600 2991 disputat,
633 2909 753 2973 animae
784 2914 927 2974 naturam
952 2910 1048 2973 etiam
1076 2909 1138 2971 iste
1169 2907 1268 2972 uellet
1288 2905 1439 2988 intellegi,
1543 2895 1544 2970 l

298 3035 358 3080 non
381 3015 492 3097 utique
517 3014 635 3078 diceret
658 3015 768 3080 horum
794 3016 946 3092 medium,
970 3016 1004 3080 id
1028 3019 1077 3080 est
1099 3015 1202 3079 Patris
1228 3018 1259 3079 et
1281 3014 1355 3078 Filii
1379 3032 1440 3078 me·

299 3121 397 3186 dium.
434 3121 602 3202 PostponIt
636 3121 750 3204 qnippe
788 3122 935 3186 Plotinus
974 3122 1093 3186 animae
1132 3124 1277 3185 naturam
1313 3123 1440 3203 patemo
1543 3121 1544 3190 l

297 3227 488 3301 intellectui;
513 3227 574 3291 iste
599 3236 704 3292 autem
729 3247 802 3292 oum
827 3228 905 3293 dicit
929 3228 1079 3304 medium,
1104 3248 1165 3292 non
1188 3229 1362 3310 postponit,
1388 3223 1441 3289 sed
1543 3193 1544 3276 l

298 3333 478 3415 interpouIt.
521 3335 545 3397 Ε
589 3335 739 3397 nimirum
767 3334 827 3398 hoc
851 3333 941 3408 dixit,
974 3339 1009 3398 ut
1038 3334 1144 3418 potuit
1172 3335 1240 3398 siue
1269 3336 1306 3398 ut
1328 3331 1478 3406 uoluitrs
1543 3339 1544 3402 1

300 3440 383 3522 quod
406 3459 464 3504 nos
489 3444 633 3505 sanctum
660 3441 824 3522 Spiritum,
849 3459 907 3505 nec
930 3441 1034 3505 Patris
1059 3444 1183 3505 tantum
1207 3459 1263 3504 neo
1282 3439 1356 3503 Filii
1376 3441 1440 3502 tan·

299 3551 379 3626 tum,
414 3547 470 3610 sed
503 3547 667 3628 utriusque
702 3545 856 3629 Spiritum
881 3547 1027 3611 dicimus.
1074 3547 1195 3611 Liberis
1224 3547 1307 3611 enim
1336 3548 1440 3612 uerbis

298 3655 473 3736 loquuntur
494 3654 688 3736 philosophi,
717 3672 773 3718 nec
801 3655 831 3716 in
860 3655 956 3718 rebus
986 3654 1025 3718 ad
1048 3653 1296 3738 intellegendum
1321 3653 1441 3718 difficil-

298 3759 385 3823 limis
419 3749 622 3825 offensionem
655 3759 877 3844 religiosarum
908 3760 1031 3825 aunum
1064 3761 1300 3843 pertimescunt.
1340 3759 1441 3825 Nobis

389 3984 423 4038 20
443 3984 510 4038 Eun.
531 3985 561 4049 V,
583 3985 595 4038 1
652 3985 686 4040 23
705 3985 742 4042 ib.
762 4002 783 4039 c.
803 3988 819 4040 6

337 4143 400 4196 let
419 4159 469 4195 om.
490 4159 509 4196 α
581 4143 824 4213 5purgutione0
895 4145 1024 4213 letiam]
1046 4145 1116 4198 eninr
1136 4145 1180 4198 ab
1253 4145 1339 4198 8non
1359 4162 1441 4200 noso

303 4231 335 4284 13
355 4231 474 4284 teletae
528 4233 561 4286 16
582 4249 640 4285 curn
659 4233 781 4303 appellat
800 4251 877 4302 grece
898 4251 916 4287 a
973 4235 1004 4287 17
1026 4234 1198 4304 appellanti>
1256 4235 1288 4288 18
1305 4231 1374 4288 dicit
1393 4235 1439 4288 ali-

302 4318 367 4386 quid
387 4335 405 4370 c
460 4319 494 4372 21
516 4320 597 4372 etiam
617 4337 668 4374 om.
689 4341 706 4373 α
778 4323 857 4375 istam
878 4339 897 4375 a
950 4323 984 4378 26
1004 4323 1128 4392 spiritum
1148 4326 1271 4377 sanctum
1284 4337 1328 4390 po
