3136 4934
370 449 420 502 De
449 449 623 503 ciuitate
652 448 713 504 dei
742 450 806 504 lib.
831 449 905 507 VIII.
931 467 1005 521 cap,
1029 451 1073 506 23.
1229 455 1292 516 393

1201 539 1211 568 l

140 647 266 707 statem
286 644 433 720 hominis,
454 663 471 708 o
491 643 629 727 Asclepi,
654 645 783 726 uimque
803 664 967 729 cognosce.
992 646 1159 724 Dominus,
1179 646 1293 730 inquit,

140 754 174 814 et
198 751 298 814 Pater
321 750 373 815 uel
398 751 481 834 quod
506 754 555 815 est
578 771 738 816 summum
764 753 849 816 Deus
879 755 916 816 nt
939 753 1067 826 effector
1090 757 1138 818 est
1163 753 1293 818 deorum

140 858 346 938 caelestium,
378 858 424 922 ita
446 857 542 922 homo
566 857 657 922 fictor
681 861 730 923 est
754 859 895 938 deorum,
929 861 982 942 qni
1007 860 1041 929 iu
1065 861 1194 944 templis
1219 862 1294 925 sunt

139 966 286 1030 hnmana
309 965 507 1048 proximitate
532 966 693 1031 contenti)
714 967 756 1030 Et
783 967 876 1051 paulo
905 970 993 1048 post:
1018 969 1076 1032 ‘Ita
1099 967 1293 1044 humanitas,

108 1072 262 1155 sinquit,
296 1092 420 1156 semper
443 1091 564 1136 memor
587 1077 716 1136 naturae
748 1078 780 1137 et
809 1074 939 1157 originis
973 1093 1049 1139 snae
1078 1075 1109 1138 iu
1132 1075 1189 1138 ills
1213 1074 1292 1138 diui-

100 1243 103 1250 ,
140 1180 257 1244 nitatis
281 1179 458 1244 Imitations
482 1184 673 1264 perseuerat,
699 1183 744 1257 nb,
770 1180 866 1245 sicuti
889 1181 984 1244 Pater
1007 1200 1042 1245 ac
1067 1181 1232 1254 Dommns,
1257 1185 1294 1244 ut

142 1287 195 1352 sui
230 1287 354 1351 similes
388 1291 503 1364 essent,
537 1286 611 1351 deos
640 1287 718 1351 fecit
745 1291 900 1366 aeternos,
931 1289 978 1351 ita
1007 1289 1187 1352 hnmanitas
1217 1286 1292 1351 deos

141 1413 221 1458 snos
248 1412 285 1456 en
310 1392 359 1457 sui
383 1395 494 1458 uultus
519 1393 727 1458 similitudine
750 1393 923 1478 figuraret?
940 1393 1001 1458 Hic
1022 1413 1093 1459 cum
1112 1395 1292 1476 Asclepius,

141 1501 183 1565 ad
208 1520 304 1592 quem
329 1499 464 1564 manime
487 1501 685 1583 loquebatur,
720 1499 748 1563 ei
772 1501 990 1582 respondisset
1019 1501 1119 1583 adque
1145 1501 1290 1565 dixisset:

98 1638 122 1677 ro
141 1607 289 1672 ‘Statuas
323 1607 412 1686 dicis,
445 1607 727 1691 oTrismcgiste‘l’
749 1611 818 1672 tum
851 1608 920 1672 ille:
950 1607 1101 1684 ‘Statuas
1134 1609 1291 1692 inquito

141 1715 287 1798 Asclepi,
319 1715 410 1779 uides
444 1718 600 1796 quatenus
633 1717 669 1778 tn
701 1715 770 1798 ipss
801 1715 940 1792 diffidam
978 1720 1100 1781 statuas
1139 1715 1293 1779 animatas

142 1841 243 1886 sensu
264 1825 295 1886 et
314 1821 426 1903 spiritu
446 1821 554 1904 plenas
575 1824 723 1903 tantaque
741 1821 893 1886 facientes
914 1825 946 1888 ot
964 1822 1050 1898 talia,
1066 1825 1189 1886 statuas
1209 1821 1293 1886 futu·

142 1949 253 1993 rorum
273 1929 431 2010 praescias
452 1947 548 2011 eaque
569 1931 653 1992 sorte
673 1931 745 1992 uate
766 1929 897 1993 somniis
916 1929 1089 2012 multisque
1109 1929 1180 1993 aliis
1198 1927 1293 1992 rebus

143 2035 376 2120 praedicentes,
390 2035 615 2100 inbecillitates
634 2035 815 2100 hominibus
835 2035 986 2100 iacientes
1006 2056 1121 2117 easque
1138 2039 1293 2112 curantes,

100 2171 125 2210 ιε»
144 2143 314 2208 tristitiam
345 2142 564 2224 laetitiamque
597 2161 652 2224 pro
685 2141 816 2208 meritis.
864 2142 912 2206 An
945 2143 1081 2226 ignoras,
1114 2141 1293 2224 0Asclepi,

144 2250 233 2332 quod
256 2250 422 2334 Aegyptus
453 2249 558 2332 imago
584 2249 626 2313 sit
650 2248 738 2326 caeli,
773 2253 838 2326 ant,
862 2250 947 2331 qnod
971 2253 1020 2314 est
1044 2250 1162 2329 uerius,
1191 2251 1294 2312 trans·

142 2355 224 2421 latio
259 2360 314 2421 aut
346 2356 509 2420 descensio
543 2355 683 2418 omnium
717 2375 795 2437 quae
830 2357 1044 2439 gnbsmantur
1076 2356 1176 2437 adque
1211 2375 1293 2419 erer-

145 2467 259 2528 centur
277 2464 308 2530 in
329 2465 426 2527 caelo.
450 2462 496 2526 Ac
517 2463 543 2526 si
564 2461 732 2527 dicendum
751 2465 800 2526 est
820 2463 936 2541 uerius,
957 2467 1039 2527 terra
1058 2466 1165 2526 nostra
1183 2461 1294 2525 mundi

144 2571 250 2634 totins
270 2575 318 2634 est
340 2570 505 2650 templum.
529 2571 570 2633 Elt
592 2574 696 2634 tamen
723 2571 868 2652 qnoniam
893 2571 1050 2651 praescire
1079 2571 1192 2634 cuncta
1219 2587 1291 2651 pm-

101 2703 127 2742 eo
146 2677 274 2742 dentem
289 2676 390 2752 deest,
414 2676 502 2740 istud
520 2695 578 2740 uos
598 2676 741 2759 ignorare
756 2678 803 2740 ias
822 2697 883 2741 nou
905 2679 969 2740 est:
994 2676 1151 2740 Futurum
1164 2679 1292 2756 tempus

146 2787 207 2860 est,
243 2803 304 2866 qno
331 2786 478 2865 appareat
501 2784 676 2867 Aegyptios
704 2783 863 2847 incassum
887 2783 940 2866 pia
963 2785 1067 2846 mente
1092 2781 1292 2846 diuinitatem

146 2879 261 2955 sedula
282 2889 433 2974 religione
458 2893 624 2955 seruasse)

193 2997 314 3062 Deinde
352 2997 463 3061 multis
495 2998 600 3062 uerbis
633 2997 765 3060 Hermes
799 2998 881 3061 horno
913 2997 1019 3060 locum
1054 2995 1227 3077 exequitur,
1261 2995 1291 3058 iu

147 3123 211 3186 qno
236 3103 364 3169 uidetur
386 3104 447 3167 hoc
479 3107 606 3186 tempus
638 3103 828 3186 praeditam,
861 3122 922 3185 quo
957 3100 1137 3167 Christiana
1168 3101 1292 3184 religio,

103 3245 129 3285 rs
147 3215 266 3293 quanto
292 3213 341 3276 est
363 3212 505 3276 ueracicr
528 3211 630 3292 adque
649 3211 796 3286 sanctior,
817 3213 905 3274 tauto
925 3209 1146 3273 uehementius
1167 3211 1199 3272 et
1215 3207 1292 3272 libe·

146 3318 215 3382 rius
249 3322 363 3382 cuncta
395 3317 521 3384 fallacia
552 3317 701 3400 figmenta
735 3317 904 3388 subuertit,
937 3321 974 3380 nt
1004 3317 1105 3399 gratia
1133 3315 1293 3381 uerissimi

239 3573 273 3626 ro
294 3571 331 3625 ra.
349 3589 375 3641 p.
394 3573 437 3636 os,
459 3572 490 3624 12

186 3741 198 3794 l
220 3741 341 3810 uimque]
361 3741 539 3808 utcumquee
601 3741 617 3792 2
637 3738 761 3800 summus,
782 3738 844 3791 sur.
865 3742 884 3792 2
903 3754 981 3792 craso
1001 3755 1035 3800 m,
1056 3739 1066 3791 l
1133 3739 1149 3791 8
1170 3737 1229 3790 erui
1252 3737 1293 3790 Ol

149 3831 183 3884 10
203 3828 352 3898 Otrimagis
370 3833 433 3882 tecti
452 3829 498 3882 ille
519 3829 538 3882 d
627 3846 642 3881 o
662 3844 712 3882 ono.
729 3845 799 3896 ppo
888 3829 918 3881 11
941 3827 1017 3880 uides
1037 3827 1129 3892 codd.;
1148 3827 1258 3880 uidesne
1277 3843 1293 3880 o

149 3917 346 3989 quabduusad
401 3919 433 3972 13
453 3921 515 3970 nate
535 3934 585 3970 om.
602 3917 644 3984 n¹;
662 3922 740 3970 uates
760 3917 852 3985 bpqs
924 3916 1130 3970 uatesomnisl
1186 3917 1218 3969 15
1237 3915 1292 3968 lae·

149 4008 239 4060 titiam
259 4007 359 4062 omisso
378 4023 430 4075 que
450 4007 460 4060 l
530 4006 717 4076 laetitiamque
737 4007 880 4059 afferentes
900 4023 919 4058 a
978 4007 1011 4058 17
1031 4005 1164 4058 discensio
1185 4005 1220 4070 t';
1238 4003 1292 4056 dis·

150 4097 288 4150 sceneioe
352 4095 384 4149 18
405 4095 715 4162 estantcueriussup.
737 4094 831 4149 lino
883 4095 1042 4164 ‘dbtempus
1062 4099 1092 4148 eo
1112 4110 1130 4146 a
1185 4085 1302 4176 21<Q19³

152 4185 211 4250 0v;
229 4201 290 4238 cam
308 4183 369 4254 rellz
466 4183 610 4237 diuinitate
632 4183 682 4238 cc
771 4185 805 4236 22
824 4199 895 4251 quoa
909 4189 973 4250 post
992 4199 1112 4236 seruasse
1133 4181 1212 4235 addit
1230 4198 1246 4235 a
1265 4185 1294 4234 et

150 4275 235 4327 omnis
255 4289 346 4327 eorum
367 4274 461 4326 sancta
479 4275 617 4327 ueneratio
637 4274 664 4326 iu
684 4273 789 4326 irritum
809 4287 902 4325 casura
916 4271 1098 4333 frustrabitur,
1112 4288 1170 4326 aon
1184 4275 1294 4324 metuat

149 4363 180 4414 iu
198 4361 338 4417 codr'cibus
392 4363 425 4416 23
444 4361 516 4415 hunc
533 4363 564 4414 in
583 4363 698 4431 margi
752 4363 785 4414 24
805 4359 973 4424 uideaturC
