3136 4928
276 393 341 456 542
621 389 647 444 S.
676 391 831 444 Aurelii
862 389 1075 460 Augustini

276 586 392 662 lucem,
413 585 574 649 sufficeret
594 583 706 658 dicere,
726 586 803 649 fecit
822 585 909 650 Deus
927 585 1047 660 lucem;
1067 583 1095 648 ai
1114 587 1220 648 autem
1241 601 1300 648 uon
1322 583 1429 648 solum

277 691 350 773 quie
382 691 503 768 fecerit,
533 710 643 756 uerum
677 691 772 756 etiam
805 710 861 774 per
893 691 970 773 quid
1002 690 1122 769 fecerit,
1152 690 1230 754 satis
1264 693 1351 756 esset
1383 690 1430 753 ite

278 797 448 862 enuntiari:
477 799 527 862 Et
555 797 659 864 dixit
682 798 807 863 Deus:
836 797 927 862 Fiet
954 799 1031 875 lux,
1056 800 1097 862 et
1122 798 1234 862 factu
1257 799 1320 862 eat
1342 795 1428 866 luxr

278 909 315 968 ut
347 923 408 969 non
437 906 561 969 tautum
585 904 700 982 Deum,
725 903 780 969 sed
809 905 904 970 etiam
932 924 989 987 per
1012 905 1152 970 Verbum
1179 905 1284 969 lucem
1312 903 1430 968 fecisse

199 1024 201 1030 '
279 1030 455 1078 nossemus.
481 1012 563 1092 Quia
581 1031 656 1076 uero
677 1011 737 1076 tria
756 1012 908 1094 quaedam
929 1011 1063 1076 maxime
1081 1011 1209 1076 scienda
1228 1010 1266 1076 de
1286 1013 1430 1074 creature
1457 1031 1468 1066 a

278 1119 370 1182 nobie
402 1117 544 1200 oportuit
575 1117 724 1195 intimari,
759 1117 830 1199 quis
863 1135 932 1181 eam
964 1117 1085 1195 fecerit,
1113 1136 1170 1198 per
1200 1115 1276 1199 quid
1307 1115 1429 1190 secent,

279 1245 375 1308 quare
393 1225 519 1290 fecerit:
546 1224 664 1288 Dixit
682 1224 800 1300 Dour,
821 1225 939 1306 iuquit:
964 1223 1055 1288 Fiat
1078 1225 1154 1302 lux,
1175 1227 1215 1288 et
1232 1222 1344 1287 fucta
1368 1225 1430 1284 est

279 1332 356 1396 lux.
380 1331 430 1394 Et
452 1331 561 1395 uidit
579 1330 683 1395 Deus
708 1331 837 1395 lucem
858 1331 951 1412 quia
969 1329 1071 1394 bona
1090 1333 1162 1394 eat.
1187 1327 1221 1394 Si
1240 1347 1315 1412 ergo
1336 1347 1430 1410 quae·

279 1439 391 1516 timue,
416 1437 486 1520 quis
514 1436 639 1503 feeerit:
668 1437 776 1502 Deus
805 1439 883 1512 est;
913 1437 941 1501 si
968 1456 1024 1519 per
1047 1435 1123 1517 quid
1146 1433 1271 1498 fecerit:
1299 1433 1429 1498 Dixit:

279 1545 380 1623 Fiat,
401 1549 439 1608 et
462 1545 573 1608 facte
597 1548 675 1620 eot3
700 1544 728 1608 oi
747 1562 843 1626 quare
863 1542 984 1608 fecerit:
1013 1541 1115 1621 Quia
1138 1541 1241 1606 bona
1264 1543 1339 1604 est.
1364 1539 1429 1604 Neo
1447 1565 1469 1604 n

281 1661 391 1716 auctor
419 1655 469 1716 est
497 1651 697 1716 excellentior
720 1651 798 1727 Deo,
822 1671 880 1716 nec
903 1669 953 1714 ers
978 1649 1135 1714 efficacior
1157 1648 1218 1712 Dei
1240 1647 1349 1726 uerbo,
1375 1667 1429 1711 neo

280 1777 378 1823 censa
406 1756 517 1821 melior
546 1775 640 1838 quam
669 1760 706 1819 ut
729 1756 846 1822 bouum
871 1759 1030 1821 crearetur
1053 1776 1071 1819 a
1094 1753 1185 1842 [Deo]
1209 1755 1303 1820 bono.
1342 1754 1428 1818 Hanc

280 1863 376 1928 etiam
401 1863 492 1928 Plato
517 1881 645 1926 causam
674 1861 827 1927 condendi
856 1862 964 1926 mundi
993 1862 1203 1928 iustissimam
1233 1861 1321 1938 dicit,
1350 1863 1428 1924 uta

280 1970 362 2035 bono
382 1970 449 2034 Deo
472 1969 555 2034 bone
578 1987 672 2051 opera
694 1967 818 2043 fierent;
844 1971 912 2034 siue
935 1969 999 2033 ieta
1015 1968 1137 2053 legerit,
1157 1968 1227 2033 siue
1246 1968 1285 2032 ab
1305 1967 1356 2031 his
1377 1967 1426 2047 qui

280 2078 423 2160 legerunt
445 2075 524 2140 forte
545 2075 743 2159 cognouerit3
769 2075 839 2139 siue
858 2075 1011 2140 acerrimo
1030 2075 1157 2159 ingenio
1176 2073 1353 2138 inuisibilia
1370 2073 1425 2138 Dei
1446 2099 1467 2136 n

281 2203 337 2266 per
360 2202 405 2259 ea,
426 2201 505 2264 quae
529 2182 614 2247 facta
638 2185 722 2258 sunt,
742 2181 905 2246 intellecta
927 2181 1133 2264 conspexerit,
1154 2181 1223 2244 siue
1247 2179 1286 2244 ab
1305 2179 1357 2244 hie
1376 2179 1426 2260 qui

281 2291 344 2354 ista
368 2292 594 2371 conspexerant
618 2288 741 2370 etipse
765 2287 920 2352 didicerit.

724 2479 860 2546 CAPUT
884 2480 985 2544 XXII.

282 2623 335 2686 De
359 2623 433 2700 hie,
454 2622 603 2704 quibus
628 2621 665 2685 in
689 2621 972 2686 uniuersitete
996 2641 1126 2686 rerum
1151 2643 1169 2685 a
1191 2623 1293 2687 bono
1320 2623 1423 2688 Creo·

340 2732 428 2792 tora
452 2730 551 2792 bene
576 2728 829 2792 conditarum
857 2728 1047 2810 quaedam
1073 2727 1309 2811 displicent,
1335 2733 1373 2794 et
1439 2755 1460 2791 n

403 2839 552 2918 putant
576 2836 812 2898 nonnullam
836 2836 978 2899 melem
1004 2853 1094 2899 esse
1118 2839 1312 2899 natrrram.

326 2975 417 3039 Hanc
439 2978 543 3039 tamen
569 2993 707 3054 oausam,
727 2973 758 3037 id
784 2979 833 3039 est
856 2973 894 3038 ed
913 2975 996 3039 bone
1015 2973 1148 3040 creanda
1165 2975 1341 3040 bonitatem
1361 2975 1425 3050 Dei,

282 3081 372 3159 hano,
396 3081 535 3164 inquam,
561 3100 690 3145 oausam
714 3083 780 3144 tem
804 3081 921 3145 iustam
951 3080 1053 3164 adque
1076 3081 1232 3160 idoneam,
1256 3101 1338 3163 quae
1362 3081 1426 3146 dili·

283 3191 392 3271 genter
419 3187 617 3252 considarata
645 3191 676 3251 et
704 3187 754 3271 pie
784 3187 923 3271 cogitata
946 3207 1056 3252 omnes
1080 3189 1312 3252 controuersiae
1338 3208 1427 3270 quee-

281 3295 419 3358 rentium
442 3295 552 3358 muudi
577 3293 731 3378 originem
755 3295 913 3373 terminat,
933 3294 1061 3375 quidem
1085 3294 1235 3359 haeretici
1258 3314 1321 3358 non
1344 3293 1427 3358 uide·
1444 3323 1465 3362 ιι

282 3404 365 3478 mut,
385 3401 460 3482 quie
484 3419 614 3485 egenam
638 3400 740 3464 carnis
765 3399 860 3464 lruins
884 3401 1091 3484 fragilemque
1114 3403 1342 3466 mortalitatem
1368 3402 1426 3465 iarn

282 3506 320 3569 de
340 3506 424 3570 iusto
446 3507 603 3588 snpplioio
623 3506 812 3584 uenientem,
834 3505 910 3568 dum
935 3506 963 3569 ei
986 3525 1046 3570 non
1072 3507 1274 3582 conueniunt,
1293 3507 1428 3589 plurimu

374 3759 406 3810 13
427 3758 494 3810 Tim.
514 3774 539 3826 p.
560 3757 595 3812 30
652 3759 684 3810 15
704 3759 779 3810 Rom.
802 3759 825 3818 1.
844 3759 879 3811 20

322 3933 428 3986 lDeue
448 3932 548 3986 lecito
612 3931 895 4002 dperquidlooitl
950 3932 1284 4002 uquarefeeerirom.r
1357 3934 1426 3987 Deus

284 4020 352 4074 dixit
370 4037 386 4074 o
460 4021 493 4074 12
520 4025 654 4074 crearetur
673 4037 689 4074 a
707 4021 765 4075 Deo
786 4021 867 4090 bono]
890 4027 1013 4074 creatora
1030 4021 1103 4075 bona
1121 4027 1244 4087 (ceolum
1256 4023 1381 4090 sorloaee
1397 4037 1427 4074 ec

283 4113 389 4162 creatur
409 4127 424 4162 a
443 4109 581 4178 bonolpt
656 4109 737 4178 [Deo]
756 4127 806 4163 om.
831 4109 912 4164 Vbl¹
985 4111 1055 4164 bono
1075 4110 1125 4164 deo
1145 4127 1188 4164 aa
1263 4113 1296 4165 14
1314 4111 1427 4180 legerint

287 4197 321 4250 V'
379 4198 410 4252 17
431 4198 499 4251 itae
553 4197 584 4249 21
607 4197 689 4251 ullam
710 4196 813 4266 qua
899 4199 1175 4252 assenetmalemo
1229 4200 1425 4269 26iam1itern

283 4285 322 4350 e¹,·
342 4286 420 4337 iotam
442 4284 468 4338 c²
523 4287 555 4338 ‘ll
576 4285 720 4355 supplicio}
741 4286 841 4339 iudicio
862 4293 872 4340 t
