3164 4932
347 458 398 510 De
427 457 601 511 ciuitate
630 456 691 512 dei
718 458 783 512 lib.
808 457 882 512 XIII.
912 475 986 529 cap.
1013 461 1053 514 lo.
1080 460 1120 515 11.
1241 464 1305 528 627

159 672 255 735 quam
288 651 427 729 uiuente,
462 651 489 716 ei
522 654 555 716 θὴ
580 652 612 716 in
641 652 710 717 uita
737 653 769 716 et
796 651 828 715 in
856 654 957 716 morte
986 651 1084 719 simul
1112 674 1172 720 nou
1200 659 1308 737 potest

158 777 239 826 esse.
280 758 329 823 Au
357 760 464 840 potius
493 761 527 824 et
553 759 584 823 in
614 759 682 824 uita
709 761 741 822 θὴ
768 759 799 822 in
828 762 929 823 morte
958 759 1055 824 simul
1083 764 1144 834 est:
1178 760 1210 825 iu
1239 761 1306 826 uita

159 866 292 942 scilieet,
315 866 347 929 irr
373 885 435 948 qua
457 866 551 940 uiuit,
577 867 674 930 donee
699 866 768 929 tota
790 864 987 943 detrahatur·;
1013 866 1043 931 irr
1067 869 1168 932 morte
1188 871 1305 944 autem,

158 972 233 1054 quia
259 972 322 1036 iam
352 972 495 1048 moritur,
524 991 597 1037 cum
624 973 692 1037 uita
717 972 913 1038 detrahitur?
952 972 985 1038 Si
1010 974 1092 1038 euim
1116 993 1178 1039 uon
1202 979 1251 1039 est
1274 975 1305 1038 in

125 1079 236 1156 auita,
266 1078 343 1162 quid
370 1079 533 1160 estquod
561 1077 746 1154 detrahitur,
776 1078 874 1144 donee
903 1078 972 1144 eius
994 1079 1051 1144 fiat
1072 1081 1212 1162 perfecta
1235 1101 1306 1146 oon-

157 1185 297 1250 sumtio?
340 1184 375 1250 st
406 1187 513 1250 autem
545 1203 605 1250 aon
638 1188 688 1249 est
719 1185 751 1249 in
785 1187 897 1264 morte,
931 1185 1006 1268 quid
1040 1190 1091 1251 θεὴ
1121 1187 1207 1252 uitae
1234 1187 1305 1270 ipsa

157 1289 333 1356 detractio?
373 1291 444 1356 Non
478 1291 560 1356 enim
594 1292 721 1367 frustra,
754 1310 827 1356 eum
860 1291 928 1356 uita
960 1291 1056 1356 fuerit
1088 1293 1210 1376 eorpori
1237 1295 1305 1358 tota

157 1397 309 1476 detracta,
333 1403 405 1480 post
432 1402 566 1462 mortem
594 1398 657 1462 iam
686 1397 812 1474 dieitur,
836 1398 898 1462 nisi
922 1397 996 1480 quia
1022 1418 1108 1464 mors
1132 1402 1208 1479 erat,
1232 1419 1304 1464 cum

156 1504 383 1570 detraheretur.
406 1504 489 1569 Nam
513 1503 542 1568 si
565 1523 602 1568 ea
625 1504 765 1569 detracta
789 1524 850 1570 non
875 1507 924 1570 est
947 1505 1041 1572 hom'o
1065 1505 1097 1570 in
1116 1509 1227 1583 morte,
1248 1505 1304 1571 sed

113 1633 138 1676 rr
155 1614 230 1694 post
252 1615 403 1676 mortem:
428 1609 562 1692 quando,
586 1611 648 1675 nisi
672 1631 743 1676 oum
769 1610 956 1690 detrahitur,
980 1612 1040 1676 erit
1062 1612 1094 1676 in
1118 1617 1241 1677 morte?

621 1801 758 1870 CAPUT
781 1805 836 1869 XI.

213 1945 269 2010 Au
298 1945 512 2026 quisquam
541 1945 665 2009 simul
693 1949 732 2008 et
758 1944 903 2010 uiuere
933 1965 1021 2012 θεεθ
1050 1945 1186 2029 possit
1212 1950 1251 2011 et

634 2054 827 2116 mortuus.

200 2193 235 2260 Si
258 2196 364 2258 autem
388 2192 560 2257 absurdum
584 2194 643 2269 eet,
667 2195 704 2257 ut
727 2191 896 2269 hominem,
921 2196 1089 2276 antequam
1110 2191 1149 2257 ad
1167 2197 1301 2258 mortem

110 2329 134 2369 ιε
153 2299 329 2384 perueniat,
357 2300 420 2364 iam
451 2318 521 2364 θεεθ
550 2298 693 2362 dieamus
721 2298 754 2362 iu
781 2301 882 2364 morte
907 2297 973 2382 (oui
1002 2299 1083 2362 enim
1112 2297 1305 2381 propinquat

153 2406 331 2491 peragendo
360 2406 447 2471 uitae
474 2425 549 2472 suae
577 2410 730 2488 tempora,
759 2405 876 2469 eiiam
904 2404 937 2468 iu
964 2405 1021 2468 illa
1049 2403 1142 2490 est?)‚
1167 2405 1303 2470 maxime

154 2514 229 2596 quia
256 2511 351 2577 nimis
383 2516 433 2578 est
459 2511 611 2588 insolens,
638 2515 676 2577 ut
704 2511 800 2577 simul
828 2516 861 2576 θὴ
887 2511 1001 2576 uiuere
1031 2529 1101 2575 ease
1126 2511 1250 2575 dieatur
1271 2513 1304 2576 θὴ

151 2620 301 2698 moriens,
335 2638 408 2684 eum
441 2619 580 2703 uigilans
613 2622 646 2684 et
678 2617 834 2683 dormiens
868 2617 965 2682 simul
997 2635 1067 2682 esse
1095 2635 1156 2682 non
1184 2617 1301 2700 possit:

153 2726 365 2810 quaerendum
390 2729 440 2792 θεὴ
464 2726 587 2809 quando
612 2725 671 2790 erit
693 2725 839 2790 moriens.
874 2724 1000 2788 Etenim
1025 2726 1192 2805 autequam
1215 2743 1301 2788 mors

107 2860 133 2900 ro
152 2836 272 2910 ueniat,
296 2852 358 2898 non
382 2836 432 2898 eet
454 2834 602 2909 moriens,
627 2830 684 2896 sed
706 2831 834 2907 uiuens;
864 2849 936 2896 oum
959 2848 1035 2894 uero
1060 2849 1144 2895 mors
1168 2832 1301 2908 uenerit,

152 2945 300 3006 mortuus
324 2941 393 3018 erit,
417 2959 479 3006 non
502 2939 651 3004 moriens.
674 2937 760 3003 Illud
779 2956 852 3022 ergo
873 2941 923 3002 θεὴ
941 2936 1044 3002 adhuc
1063 2939 1135 3000 ante
1155 2941 1300 3014 mortem,

151 3047 211 3110 hoo
238 3047 303 3111 iam
329 3048 405 3128 post
431 3051 576 3112 mortem.
615 3044 746 3125 Quando
775 3063 849 3128 ergo
878 3044 910 3110 iu
938 3047 1062 3108 morte?
1099 3043 1187 3108 Turro
1216 3043 1298 3107 enim

151 3155 202 3217 θεὴ
233 3153 380 3230 moriano,
414 3156 461 3230 ut,
495 3172 588 3236 quem
622 3152 660 3216 ad
693 3151 822 3217 modum
855 3151 916 3216 tria
949 3153 1025 3216 sunt
1057 3169 1130 3215 eum
1163 3149 1300 3214 dicimus

149 3259 234 3323 ‘ante
257 3261 402 3336 mortem,
426 3258 457 3322 in
476 3261 588 3336 morte,
607 3257 854 3340 postmortem,
874 3257 920 3321 ita
938 3257 999 3321 tria
1018 3255 1154 3340 singulis
1175 3253 1301 3339 singula

105 3393 131 3434 rr
150 3365 286 3441 hirene,
319 3365 457 3430 moriens
490 3365 709 3448 mortuusque'
735 3363 915 3429 reddantur.
958 3361 1088 3442 Quando
1122 3363 1229 3444 itaque
1258 3361 1300 3427 eit

149 3471 299 3550 moriens,
323 3471 357 3536 id
380 3473 484 3536 estin
507 3476 620 3550 morte,
644 3471 700 3536 ubi
724 3490 825 3554 neque
849 3471 1034 3545 situiuerrs,
1054 3469 1138 3552 quod
1158 3471 1298 3534 estante

149 3581 296 3656 mortem,
321 3597 423 3661 neque
447 3582 602 3656 mortuus,
627 3579 712 3661 quod
736 3582 786 3643 θεὴ
808 3581 881 3661 post
904 3581 1049 3656 mortem,
1074 3577 1130 3642 sed
1148 3577 1298 3654 moriens,

148 3685 182 3754 id
215 3688 265 3750 θεὴ
296 3686 328 3749 in
361 3688 474 3764 morte,
503 3685 690 3750 difficillime
720 3684 877 3752 definitur.
920 3683 1077 3763 Quamdiu
1107 3683 1222 3767 quippe
1250 3687 1299 3747 θεὴ

150 3789 309 3856 animuin
334 3811 473 3876 corpore,
497 3793 633 3857 maxime
657 3793 684 3856 si
709 3793 804 3856 etiam
824 3810 937 3858 seusus
959 3791 1051 3868 adsit,
1071 3791 1182 3874 procul
1202 3789 1298 3854 dubio

103 3899 234 3970 audiuit
266 3898 371 3978 homo,
404 3899 460 3982 qui
492 3902 617 3964 constat
650 3917 686 3964 ex
719 3899 822 3964 anima
854 3901 886 3962 et
919 3917 1058 3980 corpore,
1087 3915 1122 3961 ao
1156 3915 1210 3978 per
1237 3896 1298 3960 hoo

184 4100 250 4152 2et
268 4101 379 4153 anteiri
399 4100 457 4153 uita
476 4115 566 4153 omo
620 4099 720 4168 4quia
739 4097 995 4161 VabelDomb.,·
1015 4111 1069 4166 qua
1082 4111 1129 4164 pu
1201 4093 1296 4162 dump

148 4187 336 4244 tconeumtio
361 4187 418 4254 Vh·
437 4187 633 4241 consummatio
653 4189 777 4256 abepa
848 4184 1055 4240 9detraotiol
1128 4183 1160 4236 14
1184 4181 1218 4236 ad
1236 4199 1297 4250 eup.

148 4277 198 4331 lior.
218 4275 245 4329 V
299 4278 331 4330 17
351 4276 431 4330 simul
451 4274 574 4330 atomi
627 4277 662 4330 22
682 4275 911 4344 ergosup.le'n.e
964 4275 999 4328 23
1019 4269 1299 4344 quemammodumV

147 4367 182 4421 28
202 4363 251 4419 sed
270 4369 312 4419 eet
330 4383 344 4419 e
399 4366 433 4419 29
453 4365 562 4419 etiamsi
582 4365 592 4418 I
664 4365 731 4418 nteit
754 4364 779 4417 V

1208 4466 1261 4520 40·
