3108 4926
338 446 389 500 De
418 447 591 501 ciuitate
620 447 682 501 dei
709 447 772 502 lib.
801 448 861 504 VII.
891 465 966 519 cap.
998 451 1038 504 16,
1065 451 1106 506 17.
1229 451 1293 516 325

146 641 350 724 genetrixque
379 642 494 719 doum‘,
527 642 601 725 quia
637 643 809 708 seeundum
843 663 896 708 eos
935 647 1022 708 totus
1054 645 1123 727 ipse
1156 644 1293 708 mundus

146 750 196 812 oet
217 747 317 812 Iouis.
354 747 530 812 Mineruam
560 747 665 825 etiam,
691 749 765 830 quia
793 768 861 814 eam
890 750 1037 814 humanis
1062 751 1182 814 antibus
1206 770 1295 833 prae-

144 859 323 935 posuerunt
344 873 401 919 neo
424 854 613 919 inuenerunt
635 857 687 918 uol
713 856 849 931 stellam,
873 856 927 920 ubi
952 875 1019 922 eam
1044 860 1203 940 ponerent,
1225 877 1294 922 ean·

146 961 216 1024 dem
246 962 299 1026 uel
328 981 489 1026 summum
522 963 650 1026 aethera
681 964 734 1026 uel
767 963 862 1027 etiam
894 963 1001 1027 lunam
1034 983 1105 1028 esse
1139 964 1293 1029 dixerunt.

114 1067 278 1132 alleetom
305 1086 429 1150 quoquo
448 1067 550 1149 ipsam
570 1072 736 1150 propterea
755 1068 883 1133 dearum
903 1069 1070 1133 maximam
1090 1073 1293 1152 putauerunt,

146 1174 231 1256 quod
255 1175 325 1258 ipsa
349 1175 392 1240 sit
413 1177 506 1247 torna,
532 1175 678 1257 quamuis
701 1175 808 1258 ignem
831 1176 942 1239 mundi
966 1176 1129 1256 leuiorem,
1150 1176 1201 1258 qui
1226 1196 1294 1258 per·

145 1281 226 1344 tinet
255 1281 294 1345 ad
317 1300 395 1346 usus
419 1281 583 1345 hominnm
606 1281 728 1354 facilen,
752 1299 812 1345 non
837 1282 1070 1358 uiolentiorem,
1095 1281 1198 1364 qualis
1220 1281 1294 1346 an·

145 1387 213 1451 cani
239 1390 297 1464 eet,
322 1387 350 1451 ei
373 1387 588 1469 deputandum
613 1405 683 1451 esse
708 1387 917 1452 crediderunt.
950 1388 997 1453 Ao
1020 1407 1076 1471 per
1098 1387 1158 1452 hoo
1183 1407 1293 1453 omnes

145 1494 224 1558 istos
256 1495 391 1559 selectos
421 1493 496 1558 deos
519 1494 604 1558 huno
628 1513 697 1558 asse
721 1494 875 1558 mundum
899 1494 1024 1572 uolunt,
1049 1496 1080 1559 in
1104 1494 1294 1576 quibusdam

105 1625 129 1663 ιο
146 1601 342 1675 uniuersum,
362 1600 394 1664 in
418 1599 609 1682 quibusdam
631 1605 736 1684 partos
757 1601 840 1676 eius;
866 1601 1049 1666 uniuersum
1069 1602 1154 1666 siout
1172 1603 1293 1678 Iouem,

147 1711 251 1788 partes
282 1708 361 1784 eius,
390 1711 427 1770 ut
455 1705 601 1784 Genium,
630 1711 667 1771 ut
693 1707 829 1771 Matrem
857 1707 1016 1792 Magnam,
1045 1711 1082 1772 ut
1111 1707 1228 1785 Solem,
1257 1711 1295 1770 ut

147 1813 277 1891 Lunam,
302 1816 354 1878 uel
377 1815 485 1898 potius
509 1815 689 1896 Apollinem
715 1818 747 1878 et
769 1815 913 1880 Dianam.
937 1815 979 1880 Et
1002 1815 1169 1898 aliqnando
1193 1833 1293 1878 unum

148 1921 240 1985 deum
268 1940 318 1984 res
347 1923 464 2004 plures,
494 1921 661 2005 aliquando
690 1941 785 1986 unam
813 1941 879 1985 rem
913 1921 988 1986 deos
1020 1923 1127 2004 plures
1160 1921 1290 1985 faciunt.

147 2026 225 2091 Nam
251 2047 334 2091 unus
359 2029 436 2094 deus
460 2047 510 2092 res
534 2029 641 2111 plures
666 2031 751 2107 sunt,
771 2028 856 2092 siout
880 2028 1123 2111 ipseluppite1·;
1150 2031 1181 2092 et
1204 2047 1294 2091 mun-

107 2157 131 2196 na
149 2133 206 2196 dus
236 2135 318 2197 enim
347 2139 434 2199 totus
464 2135 619 2218 Iuppiter,
645 2139 677 2200 et
705 2137 810 2200 solum
839 2136 961 2199 eaelum
990 2135 1142 2218 luppiter,
1166 2138 1197 2198 et
1226 2135 1295 2197 sola

147 2240 241 2303 stella
263 2240 407 2324 Iuppiter
433 2240 568 2306 habetur
596 2245 627 2306 ot
656 2241 785 2316 dieitur3
815 2241 955 2324 itemque
979 2241 1058 2306 luno
1083 2240 1294 2305 secundarum

149 2359 312 2414 causarum
343 2347 468 2413 domina
496 2351 528 2411 ot
550 2349 628 2412 Iuno
658 2367 709 2412 aer·
738 2352 769 2412 ot
796 2349 875 2412 Iuno
904 2353 987 2412 term
1016 2349 1057 2424 et,
1087 2347 1114 2410 ei
1138 2346 1294 2410 Venerem

148 2453 296 2532 uinceret,
316 2455 393 2518 Iuno
413 2455 516 2519 stella.
542 2454 696 2519 Similiter
713 2455 858 2518 Minerua
877 2473 1024 2518 summus
1048 2454 1157 2518 aether
1180 2455 1211 2516 ot
1235 2453 1294 2516 lli-

149 2580 242 2625 nerua
264 2561 375 2626 itidem
398 2563 483 2638 luna,
505 2579 599 2644 quam
624 2579 694 2624 esse
718 2561 749 2624 in
775 2561 911 2625 aetheris
935 2561 1041 2624 infimo
1066 2560 1168 2624 limite
1189 2559 1293 2622 existi-

106 2689 130 2728 ao
150 2671 241 2732 mant.
280 2668 381 2732 Unam
409 2687 483 2732 uero
511 2687 577 2731 rem
601 2667 676 2732 deos
700 2667 808 2749 plnres
832 2667 878 2731 ita
900 2667 1035 2732 faciunt:
1061 2667 1102 2730 Et
1124 2667 1219 2730 Ianus
1244 2669 1295 2730 est

149 2774 283 2838 mundus
313 2776 345 2838 at
371 2775 528 2858 Iuppiter;
558 2774 604 2838 sio
633 2778 665 2838 et
691 2774 770 2838 Iuno
801 2777 849 2838 est
875 2777 959 2837 terra
987 2777 1018 2837 et
1045 2773 1149 2837 Mater
1175 2773 1292 2856 Magna

150 2883 180 2943 et
202 2880 307 2945 Ceres.

588 3039 724 3106 CAPUT
747 3039 846 3104 XVII.

200 3181 311 3262 Quod
337 3181 457 3246 otiam
481 3182 569 3265 ipse
595 3183 718 3246 Varro
744 3182 957 3263 opiniones
983 3199 1077 3245 snas
1103 3180 1147 3244 de
1171 3179 1233 3244 dis

105 3309 130 3348 m
237 3350 241 3360 ,
451 3289 733 3372 pronuntiarit
758 3288 981 3372 ambiguae.

187 3433 228 3496 Et
248 3431 333 3495 siout
350 3431 438 3509 haec,
459 3450 538 3513 quae
558 3432 693 3515 exempli
717 3431 818 3515 gnatia
842 3431 1100 3508 commemoraui,
1120 3430 1166 3494 ita
1189 3431 1292 3494 catera

147 3557 203 3602 non
228 3539 394 3620 explicant,
419 3538 474 3602 sod
497 3539 605 3620 potius
629 3538 794 3622 inplicant;
826 3539 910 3602 siout
932 3538 1072 3620 impetus
1099 3535 1291 3600 errabundae

182 3771 330 3827 imundue
349 3773 442 3838 ipseo
495 3774 624 3842 2quif
693 3771 807 3842 artibus]
828 3771 964 3826 mentibus
984 3789 1003 3825 a
1057 3773 1291 3875 3neo.d....po·

145 3890 413 3942 nerenteorreotorio
426 3888 507 3942 msto
518 3888 742 3958 morp.r'nser.0
795 3888 988 3958 opertineate
1043 3853 1294 3956 aquibufiiiniuv

147 4005 178 4058 lo
196 3963 253 4058 siont
275 4003 298 4056 0
371 4006 401 4058 11
423 4007 454 4058 ut
472 4004 562 4058 lunam
584 4003 657 4058 abd
666 4003 779 4072 ripple
789 4011 824 4072 ᾗ·
842 4004 886 4057 uel
905 4004 960 4056 lun.
983 4003 1016 4070 0;
1036 4007 1064 4056 et
1082 4001 1137 4054 lnn.
1156 4019 1171 4055 u
1191 4001 1289 4055 Domb.

146 4095 177 4146 12
200 4111 282 4146 unurn
295 4136 301 4146 .
315 4137 319 4146 .
333 4138 338 4148 .
351 4093 495 4163 aliquando
516 4109 566 4147 om.
587 4092 606 4146 1¹
683 4095 715 4147 13
739 4094 829 4164 plures
848 4109 898 4146 om.
919 4110 932 4146 e
1006 4093 1039 4145 14
1061 4091 1182 4161 iuppiter
1199 4091 1290 4160 ipsae

146 4183 175 4236 16
199 4184 315 4237 inunoo
390 4183 422 4236 18
449 4183 751 4236 ethaere.mineruao
820 4183 854 4236 23
874 4199 895 4236 o.
915 4181 992 4235 XVlI
1011 4197 1072 4235 cum
1090 4179 1230 4248 superiore
1248 4196 1291 4233 oo-

143 4271 329 4326 haeretios!
389 4271 425 4325 25
443 4272 632 4341 pronuntiauit
646 4289 668 4342 p
728 4273 763 4326 26
783 4277 810 4326 et
830 4277 952 4325 ceterae
1020 4271 1053 4324 27
1074 4268 1121 4322 sed
1140 4269 1231 4338 potius
1250 4268 1290 4322 in·

143 4359 244 4430 plicant
263 4376 314 4414 om.
335 4359 368 4413 6¹
