3072 4928
369 443 420 496 De
449 442 624 496 ciuitate
653 441 714 495 dei
743 439 806 494 lib.
836 440 886 496 111.
917 457 992 510 cap.
1021 441 1046 494 2.
1212 443 1273 506 111

124 659 199 704 esse
224 639 412 704 futurorum.
437 637 518 702 Nam
536 637 620 702 bane
640 638 798 702 Homerus
818 636 855 700 de
875 636 973 718 stirpe
992 635 1127 714 Aeneae,
1148 655 1165 699 a
1184 636 1275 700 cuius

122 746 264 830 posteris
289 740 437 831 [condita]
461 743 563 808 Roma
591 749 650 817 est,
675 761 748 806 cum
777 746 847 806 ante
871 741 959 806 illam
983 743 1093 807 urbem
1117 741 1274 806 conditam

121 852 211 916 idern
232 855 326 935 poeta
345 849 445 915 luisse
469 850 602 926 dicatur,
622 848 744 914 inducit
762 867 913 932 maguum
931 847 1052 929 aliquid
1071 848 1275 924 diuinantem,

122 979 221 1042 quern
252 959 347 1023 etiam
375 959 458 1023 nube
487 957 602 1040 rapuit,
626 960 662 1020 ut
687 955 773 1031 dicit,
799 975 837 1020 ne
861 957 899 1020 ab
923 955 1048 1019 Achille
1071 955 1275 1031 occideretur,

86 1091 100 1128 s
557 1071 673 1140 cuperet
696 1085 760 1126 curn
784 1069 895 1126 uertere
920 1067 955 1125 ab
978 1066 1048 1139 imo,

122 1171 211 1254 quod
236 1175 314 1254 aput
335 1170 513 1255 Vergilium
537 1168 714 1247 confitetur,

218 1283 332 1340 Structa
355 1281 415 1340 suis
439 1281 573 1340 manibus
597 1279 728 1354 periurae
751 1279 867 1340 moenia
889 1280 999 1340 Troiae.

120 1383 314 1449 Neseieutes
342 1385 442 1467 igitur
463 1385 542 1449 tanti
568 1383 609 1460 di,
633 1383 800 1467 Neptunus
826 1387 858 1447 et
879 1383 1006 1466 Apollo,
1030 1383 1274 1448 Laomedontem

121 1492 187 1556 sibi
209 1495 398 1574 negaturum
419 1510 488 1556 esse
504 1489 691 1568 mercedem,
707 1493 880 1555 structores
895 1491 1055 1556 moenium
1070 1489 1276 1555 'lboianoruru

74 1600 227 1684 ingratis
256 1603 289 1663 et
315 1597 448 1682 ingratis
476 1599 613 1662 fuerunt.
646 1597 780 1662 Videant
808 1617 845 1661 ne
874 1597 1004 1682 grauius
1030 1597 1072 1661 sit
1095 1597 1175 1662 tales
1200 1597 1275 1662 deos

121 1705 253 1770 credere
278 1725 373 1788 quam
397 1705 445 1769 dis
469 1705 588 1769 talibus
612 1705 759 1787 peierare.
788 1705 858 1770 Hoc
882 1705 965 1769 enim
988 1724 1044 1769 nce
1067 1704 1136 1786 ipse
1159 1703 1275 1768 Home·

120 1833 180 1876 rus
213 1812 308 1876 facile
342 1812 484 1888 credidit,
514 1812 569 1894 qui
600 1809 785 1894 Neptunum
818 1810 945 1894 quidem
978 1815 1085 1876 contra
1113 1811 1276 1888 Troianos

119 1919 308 2001 Apollinem
348 1923 453 1982 autern
490 1937 545 2001 pro
579 1917 722 1982 Troianis
759 1921 951 2002 pugnantem
989 1917 1075 1996 facit,
1110 1937 1181 1982 cum
1219 1919 1274 1984 illo

120 2027 265 2108 periurio
282 2025 393 2090 ambos
407 2024 514 2089 fabrile
532 2029 636 2090 narret
655 2026 803 2089 offensos.
829 2023 862 2090 Si
881 2025 979 2108 igitar
996 2024 1114 2090 fabulis
1134 2024 1275 2101 credunt,

76 2157 101 2196 1⁵
121 2133 318 2198 erubescant
344 2133 420 2196 talia
448 2133 550 2197 colere
578 2131 722 2206 numium
756 2131 784 2195 si
811 2131 927 2196 sabulis
955 2150 1016 2195 non
1045 2131 1186 2210 credunt,
1215 2150 1275 2196 non

122 2239 302 2304 obtendant
320 2237 452 2302 Troiana
475 2237 621 2322 periuria,
643 2241 698 2302 aut
721 2239 874 2303 mirentur
897 2238 972 2302 deos
991 2237 1128 2320 periuria
1146 2239 1275 2321 punisse

121 2347 270 2424 Troiana,
296 2361 418 2409 amasse
446 2345 596 2410 Romana.
636 2344 724 2410 Unde
753 2347 834 2410 enirn
864 2345 1037 2410 coniuratio
1063 2343 1215 2410 Catilinae
1243 2345 1274 2410 in

119 2457 212 2518 tanta
241 2455 372 2533 tamque
401 2455 549 2534 corrupta
576 2451 705 2516 ciuitate
734 2451 846 2516 habuit
873 2451 969 2515 etiarn
993 2471 1100 2516 eornm
1125 2452 1275 2536 grandem

121 2561 263 2643 copiam,
303 2577 382 2640 quos
419 2577 532 2622 manus
570 2557 670 2640 adque
706 2558 818 2641 lingua
855 2558 991 2640 periurio
1030 2563 1085 2623 aut
1122 2558 1274 2642 sanguiue

78 2695 103 2733 20
121 2666 213 2730 ciuili
244 2665 370 2728 alebat?
410 2663 492 2744 Quid
522 2665 606 2729 enirn
635 2665 720 2730 aliud
749 2665 865 2729 totiens
894 2669 1052 2730 senatores
1082 2665 1218 2749 corrupti
1243 2667 1275 2730 in

120 2754 267 2848 indiciis,
287 2772 404 2836 totiens
428 2772 565 2854 populus
588 2772 619 2835 in
644 2770 802 2855 subtegiia
826 2773 878 2836 uel
901 2772 932 2836 in
957 2771 1135 2854 quibusque
1159 2773 1274 2850 causis,

122 2898 205 2960 quae
235 2880 315 2960 aput
343 2897 416 2941 eum
445 2877 644 2942 contionibus
674 2876 857 2962 agebantur,
886 2877 946 2941 nisi
980 2877 1074 2942 etiam
1106 2878 1274 2961 peierando

121 2985 322 3068 peccabant?
368 2984 511 3067 Numquae
551 2984 800 3069 corruptissimis
841 2985 982 3049 moribus
1025 2985 1064 3049 ad
1104 2985 1163 3050 hoc
1205 3005 1274 3050 mos

120 3091 250 3155 iurandi
280 3093 467 3155 seruabatur
494 3091 654 3174 antiquus,
678 3111 737 3155 non
766 3097 802 3156 ut
831 3092 869 3156 ab
898 3090 1070 3157 sceleribus
1092 3095 1180 3156 metu
1205 3092 1274 3156 reli·

80 3229 104 3266 1
123 3199 230 3282 gionis
257 3196 507 3280 prohiberentur,
528 3197 583 3263 sed
607 3202 643 3262 ut
665 3199 802 3281 periuria
821 3218 946 3281 quoque
966 3198 1139 3264 sceleribus
1160 3199 1273 3264 ceteris

121 3305 325 3370 adderentur.

216 3556 284 3612 111.
304 3557 359 3622 XX,
380 3557 431 3612 302
452 3574 509 3627 sqq.
579 3561 684 3612 5Aen.
709 3558 737 3622 V,
757 3559 810 3612 810
829 3577 869 3628 aq.
927 3561 959 3613 17
985 3559 1049 3613 Sall.
1070 3559 1129 3615 Cat.
1150 3562 1193 3624 14,
1215 3561 1273 3615 1.3

157 3735 174 3787 2
196 3731 311 3786 condite
328 3749 378 3786 om.
398 3731 720 3801 LACebepqnlcf5
738 3732 848 3786 condita
867 3735 952 3788 Roma
971 3739 1012 3788 est
1030 3752 1046 3789 e
1064 3735 1177 3801 Domb.,·
1199 3753 1273 3788 rorna

123 3823 202 3876 cond.
223 3821 306 3874 estd
413 3821 549 3876 conditam
568 3839 618 3877 om.
638 3822 666 3891 q¹
756 3822 905 3878 lacchille
924 3823 983 3877 LA
1079 3824 1217 3878 occidetur
1236 3825 1272 3878 L¹

123 3913 220 3964 boum
243 3912 349 3963 uertere
369 3909 418 3976 A¹,·
438 3915 593 3964 conuertere
612 3909 648 3964 Λ2
720 3913 735 3964 9
756 3913 939 3981 lsnegaturunr
963 3911 1008 3978 C²,·
1027 3919 1218 3982 generaturum
1241 3913 1271 3966 0¹

125 4001 158 4054 10
177 3998 363 4070 uideantjlne,
382 4015 413 4052 ur
428 3999 462 4065 (1)
483 4000 602 4060 creec
657 4003 685 4054 11
708 4002 841 4070 perierare
859 4001 894 4065 0,·
911 4001 1050 4070 pierered
1104 4002 1136 4055 14
1157 4001 1273 4056 amboll

125 4087 342 4143 lateranense
395 4089 552 4143 nondnaC¹
610 4091 641 4144 16
661 4091 1044 4160 peiuriautroqueloeoLA
1098 4091 1133 4144 20
1153 4091 1274 4155 ciuiliae

125 4176 199 4230 aliud
218 4192 271 4230 om.
292 4177 321 4226 α1
334 4177 368 4239 f¹
421 4178 452 4230 21
476 4177 581 4247 quibus,
601 4180 699 4232 omaso
719 4197 778 4248 que,
802 4179 837 4244 C,·
855 4179 1102 4249 quibuscumqued
1156 4180 1190 4233 22
1210 4197 1272 4233 con-

124 4265 335 4320 tentionibusd
443 4267 638 4336 egeuanturL
736 4267 940 4338 perierandoC
1027 4269 1062 4322 23
1080 4268 1273 4338 peceauantL

125 4355 160 4408 24
178 4359 342 4409 seruauetnr
360 4353 387 4408 L
460 4357 567 4424 entique
587 4355 638 4422 L¹,·
658 4359 805 4426 antiquus,
824 4357 832 4410 1
852 4374 939 4423 croac,
958 4361 982 4410 A
