3072 4930
278 441 341 504 182
624 435 650 492 S.
678 434 836 489 Aurelii
863 429 1084 502 Augustini

277 628 473 693 dilatandum
503 647 635 712 regnum
665 627 748 692 bello
778 629 950 710 spontanec
975 628 1168 708 prouocare?
1206 625 1303 689 Plano
1327 623 1357 690 si
1382 623 1426 686 ite

277 736 419 800 sentiunt
441 735 578 818 adprobo
604 738 636 801 et
657 735 764 800 laudo.

738 926 875 992 CAPUT
898 926 967 992 XV.

396 1071 451 1135 Au
476 1072 674 1154 congruat
696 1069 814 1135 bonis
836 1053 966 1133 latius
990 1069 1100 1133 uallo
1124 1087 1304 1153 regnare.

322 1212 459 1279 Videant
482 1233 556 1298 ergo
580 1232 619 1277 ne
642 1212 723 1278 forte
746 1231 806 1276 nou
829 1211 987 1296 pertineat
1005 1210 1045 1275 ad
1063 1210 1150 1275 uiros
1170 1211 1269 1274 bonos
1289 1207 1426 1292 gaudere
1453 1226 1464 1262 s

280 1319 319 1385 de
346 1320 436 1406 regni
457 1320 635 1385 latitudine.
672 1319 827 1402 iniquitas
853 1318 936 1383 euim
961 1337 1080 1396 eorum,
1105 1337 1179 1383 cum
1202 1317 1318 1399 quibus
1340 1315 1427 1378 iusta

279 1427 364 1492 bella
390 1430 481 1513 gestu
510 1431 595 1508 sunt,
623 1445 756 1511 regnum
785 1425 910 1490 adiuuit
936 1428 973 1490 ut
1005 1428 1170 1501 cresceret,
1199 1421 1283 1506 quod
1315 1421 1426 1502 utique

281 1553 415 1616 paruum
435 1536 530 1612 esset,
552 1534 578 1599 si
599 1532 688 1617 quies
708 1537 741 1598 et
758 1533 883 1598 iustitia
900 1531 1107 1597 finitimorum
1126 1534 1236 1596 contra
1254 1549 1289 1593 se
1306 1527 1425 1592 bellurn

281 1640 348 1724 geri
371 1640 459 1705 nulla
480 1644 669 1724 prouocaret
690 1639 806 1704 iniuria
829 1659 866 1704 ac
886 1639 931 1704 sic
949 1637 1146 1703 felicioribus
1165 1637 1260 1701 rebus
1280 1631 1426 1700 humanis

281 1747 386 1812 omnia
412 1766 510 1832 regna
535 1765 635 1830 parua
662 1750 769 1811 essent
797 1745 943 1812 concordi
966 1744 1132 1809 uicinitate
1154 1743 1305 1808 laetantia
1327 1743 1360 1806 et
1383 1739 1427 1802 ita
1444 1761 1465 1799 n

282 1855 388 1918 esseut
419 1851 451 1917 in
484 1852 601 1918 mundo
634 1871 729 1936 regna
760 1851 898 1934 plurima
930 1851 1082 1936 gentium,
1111 1852 1148 1913 ut
1179 1852 1255 1914 sunt
1286 1849 1317 1912 in
1348 1845 1425 1911 urbe

282 1959 395 2024 domus
427 1958 582 2041 plurimae
615 1957 745 2023 ciuium.
791 1957 927 2023 Proinde
958 1957 1146 2040 belligerare
1179 1960 1211 2021 et
1242 1952 1425 2038 perdomitis

281 2065 431 2150 gentibus
460 2065 591 2130 dilatare
614 2083 747 2148 regnum
771 2063 863 2128 malis
887 2062 1015 2128 uidetur
1037 2061 1184 2142 felicitas,
1206 2061 1299 2127 bonis
1322 2077 1426 2124 ueces-

282 2173 371 2238 sitas.
392 2171 454 2237 Sed
469 2172 543 2255 quia
557 2171 647 2253 peius
663 2173 759 2248 esset,
773 2175 811 2236 ut
823 2169 968 2234 iniuriosi
982 2168 1169 2234 iustioribus
1185 2169 1425 2242 dominarentur,

278 2278 353 2344 ideo
382 2297 442 2343 nou
470 2279 642 2362 incongrue
671 2277 787 2342 dicitur
815 2277 910 2342 etiam
938 2275 1001 2340 ista
1034 2276 1183 2343 felicitas.
1226 2274 1288 2341 Sed
1320 2271 1426 2357 procul
1442 2297 1462 2334 n

284 2385 380 2451 dubio
408 2385 545 2454 felicitas
572 2384 674 2449 maior
702 2386 752 2448 eat
778 2383 919 2448 uicinum
946 2383 1066 2448 bonum
1094 2382 1210 2447 habere
1242 2380 1425 2447 concordem

284 2511 379 2574 quam
407 2491 548 2556 uicinum
576 2491 696 2556 malum
725 2490 896 2575 subiugare
922 2490 1104 2555 bellantem.
1142 2490 1230 2554 Mela
1257 2491 1332 2555 uota
1353 2487 1426 2552 sunt

283 2602 393 2682 optare
419 2597 534 2662 habere
563 2616 658 2680 quem
686 2595 789 2662 oderis
817 2596 871 2660 uel
898 2615 993 2679 quem
1020 2596 1144 2674 timeas,
1169 2598 1205 2658 ut
1233 2594 1338 2677 possit
1358 2611 1425 2658 esse

285 2723 379 2787 quem
411 2705 529 2769 uinces.
576 2703 610 2770 si
641 2721 714 2788 ergo
747 2703 832 2768 iusta
863 2702 999 2786 gerendo
1026 2702 1121 2781 bella,
1148 2720 1209 2766 non
1241 2701 1336 2784 inpia,
1367 2717 1425 2763 non

283 2811 401 2894 iniqua,
425 2811 559 2877 Romani
587 2810 756 2893 imperium
783 2813 849 2874 tam
876 2827 1028 2893 magnum
1056 2808 1221 2892 adquirere
1248 2807 1463 2891 potueruntne

286 2917 441 3000 numquid
469 2921 631 2998 tamquam
655 2915 761 2998 aliqua
784 2915 842 2980 dea
865 2915 996 2980 colenda
1020 2920 1070 2980 est
1092 2915 1138 2980 eis
1161 2915 1259 2979 etiarn
1280 2912 1425 2996 iniquitas

284 3024 406 3089 aliena?
443 3023 582 3090 Multum
608 3023 690 3087 enirn
714 3022 754 3087 ad
776 3023 871 3088 istam
894 3021 1096 3086 latitudinem
1120 3021 1244 3105 imperii
1268 3040 1337 3085 eam
1361 3037 1425 3085 ooo·

284 3131 424 3212 peratum
455 3127 612 3206 uidemus,
642 3148 722 3211 quae
754 3128 891 3200 faciebat
926 3113 1107 3204 iniuriosos,
1139 3131 1177 3192 ut
1215 3129 1322 3192 essent
1359 3143 1426 3192 cum

286 3237 401 3320 quibua
428 3215 514 3301 iust'e
540 3236 625 3301 bella
653 3239 835 3320 gererentur
863 3237 896 3300 et
923 3239 1092 3319 augeretur
1122 3233 1301 3317 imperium.
1345 3230 1427 3311 Qum

286 3347 392 3436 autem
422 3347 453 3407 et
480 3341 631 3425 iniquitas
660 3343 718 3406 dea
745 3362 805 3407 uon
835 3341 879 3407 sit
906 3341 958 3406 uel
991 3352 1187 3406 externarum
1221 3339 1376 3426 gentium,
1402 3335 1463 3402 sisa

286 3449 391 3514 Pauor
418 3450 450 3513 ct
472 3448 579 3514 Pallor
605 3452 638 3513 et
659 3448 771 3513 Febris
801 3449 832 3512 di
861 3448 995 3513 Romani
1027 3467 1097 3514 csse
1124 3450 1328 3512 meruerunt?
1374 3443 1426 3508 His

285 3556 386 3640 igitur
413 3555 548 3633 duabus,
575 3554 608 3619 id
637 3560 686 3620 est
713 3555 815 3620 aliena
843 3555 1011 3637 iniquitate
1040 3557 1072 3619 et
1100 3555 1158 3619 dea
1177 3553 1327 3631 Victoria,
1357 3551 1427 3616 dum

286 3663 443 3726 bellorum
468 3680 579 3726 causas
597 3661 749 3744 iniquitas
769 3661 893 3739 excitat,
909 3661 1052 3726 Victoria
1070 3659 1178 3725 eadem
1198 3659 1281 3724 bella
1299 3658 1428 3724 feliciter

286 3768 443 3844 terminat,
468 3769 565 3832 etiam
588 3769 700 3833 feriato
723 3769 800 3834 Ioue
824 3767 925 3833 creuit
947 3768 1125 3850 imperium.
1165 3765 1250 3846 Quas
1275 3766 1358 3830 enim
1383 3764 1427 3828 hic

286 3877 392 3958 partes
415 3874 559 3958 Iuppiter
585 3875 725 3954 haberet,
750 3895 822 3940 curn
852 3893 898 3953 ea,
922 3893 1002 3957 quae
1029 3877 1160 3957 possent
1186 3872 1338 3938 beneficia
1364 3871 1427 3936 eius
1442 3891 1464 3930 ro

286 3979 402 4065 putari,
432 3980 463 4044 di
492 3981 656 4060 habentur,
685 3981 716 4046 di
744 3985 908 4059 uocantur,
937 3981 969 4044 di
997 3982 1154 4059 coluntur,
1181 3979 1245 4062 ipsi
1276 3998 1333 4063 pro
1365 3978 1428 4042 suis

324 4253 340 4306 9
368 4253 447 4306 rebus
472 4253 564 4307 cnud
658 4253 690 4308 18
719 4254 805 4317 possit
828 4269 886 4307 csse
909 4270 924 4307 u
948 4258 973 4307 et
991 4251 1068 4308 codd.
1083 4256 1197 4320 praeter
1218 4249 1253 4318 0,·
1279 4249 1366 4320 possis
1385 4249 1429 4302 lra-

287 4340 353 4393 bere
375 4339 398 4395 0
