3136 4934
353 439 402 492 De
431 438 605 491 ciuitate
635 437 696 491 dei
723 437 789 491 lib.
818 435 907 491 VllII.
936 453 1011 506 cap.
1039 437 1079 492 16.
1224 439 1287 503 431

141 651 239 718 supra
263 635 393 717 angelos
417 633 548 708 mensim
573 632 658 697 idem
681 633 713 696 in
738 632 939 697 inie1ioribus
968 631 1019 696 uia
1049 633 1146 708 uitae,
1176 632 1231 715 qui
1258 633 1290 696 in

141 739 361 822 superioribus
385 740 463 804 uita.

595 930 731 998 CAPUT
755 931 840 998 XVI.

140 1076 197 1140 An
223 1074 540 1140 rationabiliter
563 1074 771 1140 Platonici
801 1074 1047 1162 definierint
1076 1074 1171 1140 deos
1205 1093 1286 1138 cae·

113 1181 279 1247 slestes
318 1179 580 1244 declinantes
618 1182 780 1244 terrena
822 1181 1014 1264 contagia
1054 1179 1290 1244 hominibus

140 1307 216 1352 non
241 1287 420 1364 misceri,
446 1285 595 1368 quibus
619 1285 664 1350 ad
694 1285 918 1350 amicitiam
949 1286 1110 1352 deorum
1142 1285 1291 1352 daemo-

527 1411 596 1457 nes
621 1392 920 1476 suffragentur.

187 1535 259 1602 Non
284 1537 368 1601 enim
393 1554 504 1600 uerum
529 1537 588 1607 est,
614 1535 697 1617 quod
722 1535 805 1598 idem
834 1535 1021 1600 Platonicus
1055 1535 1099 1600 ait
1125 1535 1291 1600 Platonem

141 1643 275 1708 dixisse:
308 1641 434 1708 ‘Nullus
460 1641 546 1707 Deus
570 1642 723 1705 miscetur
746 1640 890 1716 homini’;
931 1645 963 1706 et
992 1643 1052 1706 hcc
1084 1643 1290 1726 praecipuum

98 1771 120 1810 ro
141 1768 252 1813 eorum
278 1747 486 1814 sublimitatis
512 1749 556 1812 ait
581 1767 651 1814 esse
667 1748 837 1832 specimen,
854 1747 938 1831 quod
958 1749 1046 1813 nulla
1065 1747 1292 1814 adtrectatione

140 1855 306 1920 hominum
331 1854 594 1920 contaminantur.
631 1855 715 1939 Ergo
740 1855 908 1920 daemones
934 1855 1140 1920 contaminari
1163 1855 1291 1930 latetur,

143 1966 176 2026 et
199 1960 272 2026 ideo
298 1981 363 2040 eos,
389 1981 406 2026 a
436 1962 550 2045 quibus
583 1961 845 2038 contaminantur,
879 1961 1030 2027 mundare
1062 1980 1123 2026 non
1157 1965 1293 2046 possunt

142 2087 317 2151 omnesque
340 2069 486 2132 inmundi
510 2067 627 2151 pariter
655 2067 745 2145 fiunt,
779 2073 811 2133 et
844 2069 1011 2134 daemones
1045 2069 1292 2134 contrectatione

142 2175 310 2240 hominum
335 2178 366 2239 et
390 2174 534 2238 homines
560 2176 649 2239 cultu
674 2174 876 2239 daemonum.
908 2175 974 2240 Aut
998 2175 1025 2241 si
1050 2179 1081 2239 et
1105 2175 1292 2240 contrectari

101 2315 125 2354 rs
143 2283 336 2363 miscerique
373 2281 570 2358 hominibus,
617 2300 673 2344 nec
720 2289 826 2346 tamen
873 2281 1079 2346 contaminari
1125 2282 1293 2347 daemones

144 2393 292 2471 possunt,
317 2389 366 2452 dis
389 2389 531 2471 prolecto
556 2388 702 2452 meliores
727 2392 810 2464 suut,
837 2387 912 2470 qrria
934 2387 992 2467 illi,
1018 2388 1045 2454 si
1073 2389 1292 2468 miscerentur,

146 2496 445 2560 contaminarentur.
479 2494 559 2558 Nam
585 2495 645 2559 hoc
670 2495 799 2560 deornm
825 2494 941 2559 dicitur
974 2515 1043 2559 esse
1076 2494 1292 2580 praecipuum,

145 2607 182 2666 ut
205 2620 259 2666 eos
285 2601 465 2667 sublimiter
488 2604 650 2684 separatos
676 2603 814 2666 humana
842 2601 1047 2666 contrectatio
1082 2601 1293 2665 contaminare

145 2728 206 2772 non
229 2708 343 2792 possit.
368 2709 470 2773 Deum
496 2709 624 2791 quidem
649 2727 810 2772 summum
835 2707 975 2772 omnium
995 2714 1177 2786 creatorem,
1198 2727 1290 2790 quem

103 2845 128 2886 20
145 2834 202 2878 nos
227 2833 339 2878 uerum
363 2816 467 2879 Deum
492 2813 638 2892 dicimus,
663 2815 710 2878 sic
733 2834 751 2878 a
774 2814 905 2880 Platone
924 2813 1096 2897 praedicari
1116 2814 1292 2889 adseuerat,

147 2921 230 3004 quod
254 2922 322 3004 ipse
348 2922 391 2987 sit
415 2923 500 2986 solus
525 2921 662 3004 quinon
687 2922 793 3003 possit
815 2921 944 3006 penuria
977 2921 1130 2985 sermonis
1163 2921 1292 2986 humani

146 3027 259 3111 queuis
296 3029 435 3093 oratione
462 3029 515 3092 uel
543 3028 666 3092 modice
695 3028 919 3110 conprehendi;
953 3027 1005 3091 uir
1033 3030 1140 3092 autem
1172 3027 1293 3110 sapien-

146 3137 233 3198 tibus
268 3135 356 3213 uiris,
382 3154 452 3200 cum
478 3155 511 3198 se
540 3135 649 3220 uigore
678 3135 774 3198 animi
803 3137 956 3218 qnantum
988 3133 1082 3199 licuit
1114 3154 1132 3199 a
1165 3153 1292 3217 corpore

235 3343 252 3395 8
272 3341 304 3395 de
325 3341 375 3395 dec
395 3341 467 3395 Socr.
487 3358 511 3410 p.
532 3343 558 3404 9,
577 3343 593 3395 6
648 3342 680 3394 21
703 3341 738 3395 ib.
759 3359 784 3410 p.
804 3341 828 3403 8,
850 3343 862 3394 1

184 3485 195 3537 1
218 3499 298 3553 snper
318 3499 360 3536 au
433 3499 484 3551 que
504 3499 518 3535 e
585 3482 601 3536 8
622 3481 719 3536 dixisse
739 3483 881 3536 Platonem
899 3499 916 3536 v
971 3483 1004 3536 10
1024 3481 1223 3536 adtrectatione
1243 3483 1293 3536 all

148 3574 177 3626 11
199 3571 354 3625 fatenture
411 3571 443 3625 13
463 3571 677 3624 contractatione
696 3569 758 3624 θα2
815 3572 1004 3625 libaminum
1016 3611 1112 3625 ......
1125 3575 1292 3625 contractare

147 3661 207 3726 (sic)
228 3676 297 3714 corr.
317 3677 350 3712 m.
370 3660 402 3712 iro
420 3659 577 3730 errarpineb
651 3661 720 3713 etsi
741 3677 759 3712 a
833 3665 861 3714 et
878 3677 939 3728 sup.
960 3659 1054 3716 linc
1126 3665 1293 3714 contrectare

148 3749 350 3817 t'¹lpaalrf;
373 3750 535 3802 contrectari
560 3748 626 3815 a¹e;
653 3749 815 3853 contriactnri
835 3747 865 3802 a²
956 3752 988 3803 15
1017 3749 1197 3852 misceriqple,
1221 3753 1294 3802 m.2

144 3865 330 3936 sapersmpto
349 3863 466 3917 miserisi
485 3865 570 3932 (siet),
594 3864 628 3932 0,·
646 3831 780 3934 eligetque
800 3865 810 3917 l
885 3867 917 3918 16
936 3864 990 3917 illis
1009 3881 1023 3918 e
1103 3864 1265 3918 miserentur
1284 3867 1294 3918 l

148 3991 178 4042 11
199 3967 279 4050 llam,
298 3989 330 4042 in
348 3989 543 4057 marpNec,e
600 3990 632 4042 18
653 3989 820 4043 contrecioa
877 3989 909 4042 19
930 3992 1075 4042 creatorem
1097 3987 1129 4041 de
1150 3987 1199 4042 deo
1220 4006 1293 4052 uero,

143 4079 236 4148 plasea
255 4077 408 4146 nrarpiorola'
425 4079 457 4130 iu
477 4083 577 4132 textum
597 4085 741 4146 recepisse
795 4079 827 4131 21
850 4077 932 4147 quod]
952 4095 1003 4146 quo
1023 4076 1102 4130 modo
1118 4094 1162 4146 ps
1175 4079 1294 4146 sortasse

145 4173 214 4221 recte
300 4165 414 4235 penuria
441 4167 571 4220 sermonis
597 4166 896 4234 C²abetpsclrfu
926 4167 1038 4235 penuria
1061 4183 1110 4222 om.
1138 4166 1169 4219 0¹
1194 4165 1292 4220 Domi).

146 4259 179 4310 22
200 4257 325 4326 quamuis
348 4255 431 4309 an¹
505 4257 607 4325 autem]
627 4273 642 4310 a
660 4261 703 4310 ter
722 4273 735 4308 e
793 4257 827 4309 23
842 4261 907 4324 poet
926 4255 991 4308 uiris
1009 4256 1115 4308 inserta
1134 4262 1173 4309 est
1191 4271 1293 4310 corree-

147 4351 227 4400 tura:
245 4345 290 4398 uix
310 4344 406 4398 saltem
426 4363 441 4398 a
461 4345 630 4414 sapientibus
649 4345 722 4408 uiris,
743 4361 755 4397 e
