3072 4928
554 331 580 387 S.
609 330 768 386 Aurelii
795 329 1014 402 Augustini

688 523 825 590 CAPUT
848 525 888 590 X.

212 665 296 747 Qua
323 667 495 734 nocendi
524 671 609 732 arte
634 667 848 733 daemones
872 669 1008 733 uelint
1030 669 1097 734 uel
1120 668 1228 734 falsa
1251 669 1297 734 de
1321 689 1366 734 se

504 774 674 839 erimina
697 775 763 840 uel
786 793 881 839 uera
904 777 1070 840 narrari.

256 915 338 981 Nam
367 915 452 999 quod
480 916 620 981 adfertur
647 935 703 998 pro
733 916 925 995 defensione,
950 935 1011 982 non
1039 917 1096 982 illa
1124 937 1198 982 uera
1226 919 1256 982 iu
1286 918 1364 983 deos

211 1022 284 1102 dici,
319 1023 375 1087 sed
407 1023 487 1088 falsa
520 1023 622 1106 adque
656 1023 797 1104 conficta,
831 1025 864 1090 id
896 1025 1002 1109 ipsum
1040 1029 1089 1090 est
1122 1025 1301 1106 scelestius,
1334 1025 1366 1089 si
1404 1051 1422 1088 s

212 1129 364 1214 pictatem
399 1129 545 1195 consulas
578 1130 754 1215 religionis;
788 1132 816 1195 si
848 1134 953 1196 erilem
985 1132 1142 1197 malitiam
1175 1132 1368 1198 daemonum

213 1237 345 1322 cogites,
370 1237 446 1320 quid
474 1238 613 1303 astutius
642 1237 681 1302 ad
705 1237 927 1320 decipiendum
951 1239 1053 1321 adque
1077 1239 1246 1304 callidius?
1283 1237 1365 1304 Cum

212 1344 295 1408 enim
310 1344 460 1428 probrum
474 1344 590 1409 iacitur
605 1345 636 1408 in
650 1345 823 1427 principem
840 1343 960 1427 patriae
979 1345 1098 1410 bonnm
1118 1345 1220 1428 adque
1239 1344 1366 1423 utilem,

212 1470 312 1516 nonne
339 1453 428 1515 tanto
458 1454 507 1515 est
533 1451 707 1534 indignius,
737 1454 855 1533 quanto
885 1471 903 1515 a
930 1451 1066 1516 ueritate
1098 1453 1251 1518 remotius
1285 1456 1317 1516 et
1345 1471 1367 1514 a

211 1557 281 1622 uita
302 1557 390 1622 illius
415 1557 569 1622 alienius?
594 1556 681 1635 Quae
705 1557 804 1641 igitur
828 1558 985 1642 supplicia
1008 1557 1183 1637 sufficiunt,
1208 1577 1280 1624 cum
1303 1557 1363 1622 deo
1390 1582 1418 1621 ιο

212 1664 249 1728 fit
269 1664 333 1728 ista
356 1667 422 1728 tam
441 1664 568 1742 nefaria,
587 1667 654 1728 tam
673 1663 808 1748 insignis
827 1663 963 1729 iniuria?
988 1663 1051 1730 Sed
1069 1665 1201 1750 maligui
1220 1665 1365 1748 spiritus,
1446 1717 1452 1725 .
1534 1672 1535 1679 ’

213 1791 292 1854 quos
320 1771 376 1836 isti
404 1771 480 1835 deos
508 1773 631 1853 putant,
661 1770 757 1835 etiam
790 1769 922 1855 flagitia,
951 1791 1030 1855 qnae
1062 1791 1124 1835 non
1158 1770 1365 1858 admiserunt,

214 1877 252 1941 de
276 1896 310 1941 se
333 1877 398 1942 dici
416 1878 538 1954 uolunt,
559 1878 633 1942 dum
654 1881 758 1942 tamen
777 1877 931 1942 humanas
950 1881 1073 1942 mentes
1092 1877 1142 1942 bis
1163 1878 1366 1960 opinionibus

213 1985 304 2048 uelut
325 1985 446 2049 retibus
469 1984 602 2049 induant
625 1987 656 2048 ct
680 1983 720 2049 ad
742 1985 1011 2068 praedestinatum
1037 1983 1231 2067 supplicium
1255 2003 1365 2049 secum

213 2091 349 2168 trahant,
384 2093 453 2156 siue
484 2091 629 2156 homines
665 2091 729 2156 ista
766 2091 992 2169 commiserint,
1027 2109 1105 2173 quos
1144 2091 1219 2156 deos
1256 2090 1364 2156 baberi
1392 2115 1421 2155 ιε

215 2197 361 2282 gaudent,
387 2199 440 2280 qni
462 2199 610 2264 humanis
635 2198 790 2263 erroribus
816 2199 963 2281 gaudent,
987 2219 1044 2282 pro
1070 2199 1185 2282 quibus
1210 2217 1244 2262 sc
1269 2197 1364 2262 etiam

216 2305 364 2370 colendos
393 2305 482 2369 mille
510 2305 644 2371 nocendi
671 2305 865 2388 fallendique
895 2305 1016 2370 artibus
1045 2305 1262 2389 interponunt;
1295 2304 1365 2368 sina

216 2412 310 2476 etiam
348 2433 408 2478 non
448 2414 586 2478 ullorum
619 2412 784 2476 bominum
817 2412 873 2476 illa
905 2411 1035 2476 crimina
1067 2431 1143 2477 uera
1176 2411 1251 2489 sint,
1285 2429 1364 2494 quae

215 2521 319 2582 tamen
334 2518 372 2583 de
386 2519 570 2584 numinibus
584 2519 661 2602 fingi
675 2519 810 2583 libenter
824 2517 985 2600 accipiunt
1002 2517 1203 2583 fallacissimi
1221 2517 1363 2601 spiritus,

216 2627 252 2688 ut
285 2624 324 2689 ad
357 2627 494 2690 scelesta
525 2644 561 2690 ac
594 2625 700 2707 turpia
731 2625 939 2709 perpetranda
971 2624 1062 2690 uelut
1093 2625 1131 2689 ab
1168 2625 1237 2708 ipso
1276 2623 1362 2689 caelo
1384 2651 1417 2689 ιο

215 2729 337 2796 traduci
364 2733 396 2796 in
424 2735 524 2797 terras
549 2732 627 2796 satis
649 2731 763 2796 idonea
785 2731 934 2796 uideatur
955 2731 1138 2797 auctoritas.
1163 2731 1244 2796 Cum
1267 2731 1365 2814 igitur

217 2837 328 2903 Graeci
354 2837 469 2903 talium
492 2837 659 2902 numinum
683 2857 792 2903 seruos
817 2858 851 2904 se
877 2858 946 2903 esse
971 2839 1132 2916 sentirent,
1155 2837 1238 2902 inter
1261 2838 1365 2902 tolet

215 2947 304 3009 tanta
340 2964 449 3010 eorum
485 2945 641 3009 theatrica
678 2944 844 3029 obprobria
878 2945 1071 3029 parcendum
1108 2943 1170 3009 sibi
1207 2963 1225 3008 a
1261 2943 1364 3027 poetis

216 3052 302 3116 nullo
332 3052 425 3118 modo
455 3055 657 3134 putauerunt,
687 3053 739 3116 uel
775 3052 823 3117 dis
863 3053 931 3117 suis
965 3051 1060 3117 etiam
1093 3051 1139 3116 sic
1171 3049 1366 3117 consimilari

216 3157 411 3238 adpetentes,
436 3159 489 3222 nel
517 3161 707 3235 metuentes,
731 3177 769 3223 ne
797 3158 1011 3224 honestiorem
1038 3158 1154 3222 lamam
1178 3157 1241 3241 ipsi
1264 3155 1366 3238 requi·
1383 3171 1415 3213 ao

216 3264 311 3329 rendo
345 3269 378 3330 et
409 3264 455 3330 ais
488 3284 523 3330 se
555 3264 616 3329 hoc
647 3265 741 3329 modo
770 3265 973 3346 praeferendo
1002 3263 1076 3330 illos
1104 3264 1143 3330 ad
1170 3262 1365 3329 iracundiam

215 3375 435 3453 prouocarent.

252 3661 315 3714 lin
334 3675 369 3714 m.
389 3661 409 3712 2
426 3659 458 3712 ira
476 3659 585 3722 rus.‚C
678 3626 829 3714 bconlicta
847 3658 887 3724 L,·
906 3657 1082 3726 conducted
1180 3655 1321 3712 dmalitis
1338 3654 1365 3708 L

218 3747 417 3802 lastutias0¹
454 3749 469 3801 9
477 3748 644 3817 priusaom.
662 3748 695 3802 (1ι
734 3749 767 3803 10
782 3749 886 3802 alienus
900 3747 938 3802 L¹
977 3746 1150 3802 15haberea
1188 3747 1220 3802 16
1236 3743 1363 3816 gaudent.

214 3838 397 3906 arcpcrscrr'pio
415 3853 450 3890 m.
469 3853 519 3891 rec.
540 3838 644 3904 uolunt,
660 3855 679 3890 a
743 3838 824 3891 etiam
840 3853 895 3891 sec
944 3838 977 3891 18
991 3852 1046 3890 non
1060 3834 1195 3889 nullorum
1210 3833 1263 3887 La
1272 3831 1366 3902 Cpa¹5

216 3925 352 3980 nullorum
380 3923 587 3991 abdca²lrf3
615 3925 729 3980 ullorum
757 3927 855 3980 oramen
881 3943 934 3979 non
958 3944 974 3995 g
1065 3925 1099 3979 20
1128 3940 1159 3978 ac
1184 3939 1245 3991 cup.
1272 3919 1365 3976 uns

217 4043 248 4096 21
275 4041 401 4097 uideatur
423 4059 474 4096 om.
497 4041 530 4096 01
629 4043 663 4095 24
682 4008 749 4094 si⁶L
858 4041 1063 4096 consimulurie
1161 4036 1365 4108 2520121222-

218 4131 365 4202 stilllorsm
384 4130 410 4184 L
