3072 4928
256 434 319 498 148
602 428 629 484 S.
657 427 814 481 Aurelii
841 425 1060 496 Augustini

254 627 385 705 tionem,
414 625 498 708 quod
530 625 559 689 ei
586 623 729 688 Romana
755 622 895 701 numina,
924 643 942 687 a
969 643 1104 707 quorum
1131 623 1260 705 templis
1289 621 1409 687 auertit

254 733 477 810 Hannibalem,
518 749 590 794 non.
620 729 824 794 reddiderunt
863 729 978 804 uicem,
1021 749 1100 811 quac
1140 732 1269 812 propter
1309 729 1406 794 istam

255 837 474 904 tantummodo
518 839 665 902 coluntur
705 836 902 901 felicitatem.
946 834 1008 901 Sed
1046 835 1120 918 quia
1157 835 1331 901 Sallustius
1370 853 1407 899 eo

256 949 398 1028 tempore
430 944 475 1009 ibi
508 943 587 1008 dirit
617 960 721 1006 mores
756 943 892 1026 optimos
927 942 1038 1021 luisse,
1070 947 1237 1027 propterea
1273 943 1332 1007 hoc
1368 941 1407 1006 de

255 1054 373 1117 Asiana
400 1050 523 1116 luxuria
546 1049 856 1115 commemorandum
878 1051 1000 1131 putaui,
1024 1053 1063 1114 ut
1084 1049 1288 1134 intellegatur
1311 1048 1407 1114 etiam
1437 1069 1448 1106 1

255 1159 338 1224 illud
370 1177 389 1222 a
422 1157 574 1224 Sallustio
606 1157 639 1220 in
676 1157 931 1240 conparationem
967 1157 1101 1222 aliorum
1132 1160 1314 1240 temporum
1342 1157 1406 1220 dic·

257 1270 337 1344 tum,
362 1265 478 1349 quibus
502 1263 700 1348 temporibus
724 1263 848 1348 peiores
875 1263 983 1347 utique
1006 1265 1038 1330 in
1064 1263 1265 1348 grauissimis
1290 1263 1407 1328 discor-

258 1373 319 1437 diis
351 1391 456 1438 mores
489 1373 626 1437 fuerunt.
664 1369 746 1435 Nam
783 1373 871 1448 tunc,
903 1370 938 1434 id
970 1372 1020 1435 est
1050 1370 1131 1434 inter
1164 1370 1340 1434 secundum
1376 1373 1407 1434 et

257 1481 453 1563 postremum
489 1477 609 1543 bellum
644 1476 913 1561 Carthaginiense,
944 1479 1011 1542 lata
1049 1480 1099 1542 est
1134 1476 1229 1542 etiam
1266 1477 1318 1541 lex
1352 1477 1407 1541 illa

260 1585 408 1663 Voconia,
445 1605 483 1650 no
526 1585 597 1668 qiris
638 1584 786 1649 heredem
827 1584 977 1648 feminam
1017 1585 1145 1662 iaceret,
1182 1603 1239 1649 nec
1281 1583 1405 1648 unicam
1425 1603 1448 1642 ιο

258 1693 366 1757 filiam.
392 1690 461 1771 Qua
483 1692 554 1776 lege
579 1691 654 1774 quid
678 1691 818 1776 iniquius
843 1691 905 1757 dici
929 1696 985 1756 aut
1004 1691 1136 1776 eogitari
1154 1693 1268 1774 possit,
1288 1692 1405 1776 ignoro.

259 1799 377 1863 Verum
401 1801 506 1863 tamen
531 1801 597 1864 toto
621 1799 676 1863 illo
703 1799 871 1864 interuallo
891 1797 1023 1864 duorum
1042 1797 1197 1863 bellorum
1216 1799 1404 1864 Punicorum

258 1905 453 1972 tolerabilior
479 1905 648 1970 infelicitas
677 1905 747 1970 fuit.
784 1905 885 1971 Bellis
914 1906 1133 1970 tantummodo
1163 1905 1240 1971 foris
1269 1910 1404 1972 contere-

259 2014 354 2079 batur
377 2013 542 2090 exercitus,
562 2011 618 2076 sed
637 2011 781 2076 uictoriis
801 2011 1035 2088 consolabatur3
1061 2010 1147 2076 domi
1166 2015 1273 2077 autem
1291 2014 1406 2090 nullae,
1511 2041 1512 2058 1

260 2120 345 2185 sicut
373 2119 462 2196 alias,
491 2119 667 2183 discordiae
696 2119 890 2183 saeuiebant.
934 2119 996 2186 Sed
1028 2119 1142 2184 ultimo
1175 2119 1259 2185 bello
1286 2119 1405 2185 Punico
1424 2139 1445 2177 11

260 2244 323 2291 uno
347 2225 468 2309 impetu
493 2225 623 2292 alterius
648 2225 816 2309 Scipionis,
837 2225 891 2307 qui
916 2227 955 2290 ob
978 2225 1037 2289 hoc
1062 2227 1158 2290 etiam
1180 2228 1250 2310 ipse
1268 2225 1407 2292 Africani

261 2351 435 2416 cognomen
468 2331 600 2410 inuenit,
629 2331 754 2396 aemula
784 2331 910 2414 imperii
938 2331 1072 2396 Romani
1105 2333 1143 2396 ab
1177 2333 1277 2414 stirpe
1306 2333 1408 2398 deleta

262 2441 321 2516 est,
351 2457 387 2502 ac
419 2437 530 2502 deinde
563 2438 658 2502 tantis
691 2439 847 2502 malorum
881 2439 1050 2522 aggeribus
1084 2440 1235 2522 obpressa
1266 2439 1409 2504 Romana

260 2565 310 2610 res
334 2545 472 2628 publica,
492 2549 529 2610 ut
550 2545 759 2628 prosperitate
784 2563 820 2610 ac
844 2545 1012 2609 securitate
1034 2565 1151 2624 rerum,
1169 2543 1253 2610 unde
1275 2547 1408 2613 nimium

262 2652 417 2734 corruptis
454 2653 594 2717 moribus
632 2651 716 2716 mala
750 2651 808 2716 illa
844 2655 995 2736 congesta
1031 2656 1116 2730 sunt,
1148 2652 1221 2734 plus
1260 2655 1445 2719 nocuisses

263 2761 455 2824 monstretur
483 2763 548 2823 tam
577 2759 640 2824 cito
674 2777 794 2835 euersa,
825 2778 919 2841 quam
951 2759 1040 2842 prius
1073 2763 1225 2824 nocuerat
1256 2761 1323 2824 tam
1357 2760 1409 2824 diu

263 2865 396 2930 aduersa
429 2863 596 2948 Carthago.
642 2864 712 2928 Hoe
750 2867 817 2929 toto
854 2867 995 2946 tempore
1033 2883 1136 2948 usque
1172 2864 1211 2929 ad
1244 2865 1409 2931 Caesarem

263 2973 457 3056 Augustum,
478 2971 532 3054 qui
551 2971 679 3036 uidetur
697 2989 758 3036 uon
778 2971 882 3035 adbuc
900 2971 953 3036 uel
970 2972 1113 3054 ipsorum
1132 2971 1277 3055 opinione
1298 2972 1409 3057 glorio-

264 3098 341 3157 sam,
367 3077 423 3142 sed
448 3077 677 3142 contentiosam
701 3079 733 3141 et
757 3077 921 3142 exitiosam
946 3081 978 3142 et
1000 3078 1093 3161 plane
1115 3077 1178 3142 iam
1204 3097 1351 3144 eneruem
1375 3097 1408 3142 ac

263 3185 446 3269 languidam
472 3183 651 3248 libertatem
684 3183 768 3248 omni
800 3184 893 3249 modo
928 3185 1095 3250 extorsisse
1123 3183 1274 3249 Romanis
1310 3187 1341 3250 et
1372 3184 1444 3248 ads

263 3290 369 3375 regale
397 3290 562 3354 arbitrium
585 3293 701 3355 cuncta
723 3309 890 3356 deuocasse
915 3295 947 3356 et
970 3292 1063 3375 quasi
1084 3291 1228 3356 morbida
1250 3293 1407 3357 uetustate

265 3397 445 3479 conlapsam
469 3395 571 3461 ueluti
593 3395 788 3461 instaurasse
812 3417 848 3462 ao
870 3417 1041 3462 renouasse
1060 3417 1126 3462 rem
1145 3397 1320 3480 publicam3
1344 3399 1406 3462 toto

266 3523 339 3587 ergo
359 3503 421 3567 isto
441 3505 582 3586 tempore
601 3503 712 3568 omitto
733 3523 768 3568 er
787 3504 857 3568 aliis
874 3503 975 3587 adque
990 3505 1062 3569 aliis
1078 3504 1183 3569 causis
1199 3505 1294 3570 etiam
1312 3503 1406 3587 adque

267 3611 362 3675 etiam
381 3610 513 3674 bellicas
534 3609 639 3675 clades
654 3614 687 3675 et
701 3611 931 3675 Numantinum
946 3611 1058 3678 foedus
1073 3610 1227 3676 horrenda
1240 3609 1407 3695 ignominia

302 3853 319 3906 2
346 3851 554 3936 reddiderintd
653 3854 669 3906 6
696 3853 914 3923 conparationem
934 3853 1006 3908 A¹G
1022 3854 1135 3920 Domb.;
1158 3855 1358 3924 comparatione
1374 3848 1406 3906 d²

267 3978 360 4032 relic
433 3979 449 4030 9
477 3944 584 4036 istan.
603 3978 635 4030 ia
657 3995 744 4048 murp.
764 3995 798 4032 m.
817 3995 867 4032 rec.
889 3978 954 4032 dats
972 3981 1015 4032 est
1103 3979 1146 4032 ler
1171 3979 1220 4033 illa
1237 3977 1404 4045 ddecp:

267 4065 527 4120 illalcquomb.
585 4068 617 4121 10
637 4069 681 4120 uel
699 4084 786 4120 nece
842 4069 956 4138 lopun.
976 4069 1085 4122 bellod
1142 4069 1175 4122 16
1193 4085 1247 4122 uno
1266 4071 1402 4134 m.1sup.

269 4155 361 4208 liraO
432 4156 560 4225 scipionis
579 4171 630 4212 om.
654 4157 686 4210 0¹
759 4157 896 4210 ubemur
952 4159 984 4212 17
1004 4162 1094 4227 terpe
1111 4157 1144 4210 0¹
1198 4159 1231 4212 21
1251 4157 1404 4212 monstretur

268 4243 338 4300 AC²
357 4245 415 4299 reli.
433 4261 461 4310 v;
480 4249 676 4299 monstraretur
696 4246 729 4300 0¹
747 4246 846 4300 Domb.
902 4249 936 4301 21
955 4247 1079 4301 enerbem
1095 4245 1131 4312 Λ;
1151 4263 1275 4302 eneruam
1295 4264 1323 4312 α,·
1340 4245 1402 4298 iner-

269 4349 337 4386 mem
353 4349 375 4401 p
429 4334 633 4388 2811111111
706 4336 793 4389 causis
813 4352 896 4392 onae
953 4337 987 4391 29
1007 4335 1202 4390 eladae-rrae
