3094 4932
398 451 446 506 De
476 451 649 506 ciuitate
679 451 883 506 (11111111Ι
914 468 989 522 cap.
1019 453 1043 507 9.
1253 455 1293 518 17

103 721 108 728 ,
143 646 235 710 uictu
258 665 357 729 panno
382 663 418 710 ao
445 645 619 731 tegimento
644 649 792 724 utuntur,
811 647 1009 730 plerumque,
1034 666 1109 712 suae
1132 647 1234 713 lamae
1258 666 1294 713 ao

144 753 240 817 saluti
267 753 343 818 dum
366 752 497 816 insidias
522 752 624 834 adque
643 753 783 835 impetus
802 754 959 818 mulorum
978 754 1101 834 timent,
1126 756 1294 820 absonum

142 859 388 942 reprehensione
416 877 486 923 sese
515 859 683 937 abstinent,
714 863 745 924 et
772 859 917 943 quamuis
947 879 1007 925 uon
1036 861 1067 926 iu
1091 865 1215 927 tanturn
1240 881 1294 928 eos

142 969 299 1044 metuant,
319 969 356 1030 ut
370 965 409 1030 ad
424 965 541 1030 similia
559 967 765 1049 perpetranda
780 966 977 1048 quibuslibet
995 986 1103 1032 eorum
1121 969 1293 1035 terroribus

110 1096 124 1136 a
145 1072 249 1154 adque
267 1072 513 1156 inprobitatibus
533 1073 654 1151 cedant,
680 1093 714 1138 ea
733 1075 803 1156 ipsa
821 1077 937 1151 tamen,
963 1094 1042 1158 quae
1066 1095 1138 1139 curm
1163 1077 1208 1140 eis
1232 1096 1293 1142 nou

142 1181 337 1261 perpetrant,
365 1179 477 1243 nolunt
504 1179 691 1260 plerumque
721 1179 886 1261 corripere,
916 1197 988 1244 oum
1012 1179 1147 1246 fortasse
1170 1182 1295 1264 possint

143 1285 269 1368 aliquos
294 1285 490 1367 corripiendo
515 1286 679 1368 corrigere,
709 1305 757 1364 ne,
788 1286 816 1349 si
839 1304 900 1350 non
923 1286 1094 1368 potuerint,
1125 1306 1182 1352 sue
1206 1287 1292 1353 salue

144 1411 179 1456 ac
203 1393 289 1456 lama
311 1392 343 1456 in
366 1392 543 1475 periculum
568 1392 761 1474 exitiumque
784 1380 958 1475 pemen'iat,
982 1411 1039 1458 nec
1063 1413 1099 1458 ea
1118 1395 1293 1459 considera-

142 1499 239 1576 tione,
269 1518 331 1580 que
359 1519 449 1563 suam
477 1499 593 1562 famam
622 1517 658 1563 ac
686 1499 824 1564 salutem
850 1499 962 1564 uident
988 1519 1058 1565 esse
1082 1501 1292 1566 necessariam

95 1630 122 1668 ro
143 1605 277 1670 utilitati
297 1605 538 1670 erudiendorum
557 1605 730 1683 hominum,
756 1605 812 1670 sed
832 1625 867 1670 ea
885 1606 994 1689 potius
1012 1607 1206 1684 infirmitate,
1231 1626 1293 1690 qua

143 1711 282 1777 delectat
294 1712 406 1796 lingua
419 1712 583 1776 blandiens
598 1715 631 1776 et
647 1713 804 1778 humanus
825 1713 892 1777 dies
912 1715 944 1776 et
961 1713 1184 1778 reformidatur
1201 1714 1292 1797 uulgi

141 1817 298 1882 iudicium
323 1822 355 1881 et
378 1819 479 1882 carnis
509 1818 697 1883 excruciatio
726 1819 780 1884 uel
808 1820 972 1901 peremtio,
999 1820 1060 1884 hoc
1089 1823 1139 1884 est
1165 1824 1293 1902 propter

142 1924 298 2008 quaedam
322 1924 506 2006 cupiditatis
530 1925 668 2000 uincula,
693 1944 753 1989 non
777 1928 905 2008 propter
928 1925 1032 1991 officia
1055 1927 1206 1992 caritatis,

185 2030 257 2095 Non
281 2030 361 2094 mibi
384 2030 491 2112 itaque
515 2031 642 2095 uidetur
664 2031 740 2096 haec
764 2051 861 2113 parua
884 2050 955 2096 esse
974 2051 1078 2110 causa,
1104 2051 1198 2114 quare
1218 2051 1291 2097 cum

94 2138 235 2204 amalis
263 2137 464 2222 flagellentur
487 2141 519 2201 et
541 2137 625 2216 boni,
656 2138 779 2220 quando
804 2139 870 2202 Deo
895 2141 1001 2222 placet
1023 2139 1162 2221 perditos
1186 2157 1291 2203 mores

141 2245 238 2308 etiam
265 2243 489 2324 temporalium
518 2263 689 2326 poenarum
718 2243 896 2309 addictione
921 2245 1041 2329 punire.
1074 2245 1292 2329 Flagellantur

129 2352 225 2414 -enim
259 2350 366 2430 simul,
399 2369 460 2414 non
489 2350 563 2431 quia
590 2351 688 2415 simul
716 2355 814 2436 agunt
842 2351 958 2415 nnalam
987 2353 1099 2428 uitam,
1133 2351 1188 2415 sed
1216 2355 1290 2434 quia

140 2458 239 2521 simul
268 2461 376 2520 amant
403 2456 608 2540 temporalem
636 2457 746 2534 uitam,
775 2476 835 2521 non
864 2457 991 2540 quidem
1021 2457 1203 2540 aequaliter,
1234 2457 1291 2521 sed

139 2565 247 2628 tamen
272 2563 379 2640 simul,
404 2582 499 2645 quam
522 2562 597 2627 boni
620 2567 820 2628 contemnere
845 2563 1004 2642 deberent,
1029 2567 1066 2628 ut
1089 2563 1136 2627 illi
1155 2565 1290 2644 correpti

90 2699 119 2738 ιο
140 2668 245 2752 adque
274 2669 406 2733 correcti
435 2673 702 2750 consequerentur
725 2675 893 2748 aeternam,
919 2671 957 2735 ad
982 2690 1076 2753 quam
1099 2689 1290 2753 consequen-

141 2775 213 2840 dam
244 2777 273 2839 si
301 2777 422 2840 nollent
449 2793 518 2838 esse
552 2775 641 2852 socii,
675 2775 828 2840 ferrentur
856 2781 888 2841 et
920 2777 1127 2860 diligerentur
1157 2777 1288 2854 inimici,

140 2881 215 2966 quia
240 2883 338 2947 donec
362 2881 477 2945 uiuunt
496 2901 621 2963 sempor
638 2881 793 2946 incertum
814 2887 863 2948 est
881 2887 988 2948 utrum
1008 2885 1204 2948 uoluntatem
1226 2883 1290 2947 sint

138 2989 170 3051 in
195 2988 312 3052 melius
337 2987 500 3052 mutaturi.
544 2987 614 3068 Qua
636 2989 666 3051 in
691 3007 724 3052 re
748 3009 809 3054 non
833 2990 944 3071 utique
966 3009 1084 3072 parem,
1115 2989 1170 3053 sed
1194 2991 1288 3072 louge

138 3095 318 3178 grauiorem
342 3093 459 3158 habent
478 3113 616 3173 causam,
642 3095 758 3175 quibus
778 3115 833 3178 per
850 3097 1035 3180 prophetam
1057 3097 1185 3160 dicitur:
1209 3095 1287 3159 Ille

93 3229 119 3269 25
139 3201 302 3284 quidem
328 3201 366 3264 in
387 3220 457 3266 suo
477 3205 649 3285 peccato
669 3204 877 3279 morietur,
899 3203 1135 3287 sanguinem
1156 3205 1286 3266 autem

137 3308 229 3371 eius
259 3307 303 3371 de
331 3327 447 3371 mauu
476 3309 758 3391 speculatoris
787 3311 999 3391 requiram.
1042 3309 1091 3374 Ad
1119 3309 1179 3372 hoo
1203 3308 1287 3373 enim

137 3413 365 3496 speculatores,
393 3415 453 3478 hoo
477 3419 526 3478 est
548 3413 738 3498 populorum
762 3416 943 3498 praepositi,
968 3415 1135 3480 constituti
1158 3417 1232 3478 sunt
1253 3415 1286 3478 in

136 3520 294 3599 ecclesiis,
318 3523 356 3585 ut
377 3540 438 3585 non
461 3525 591 3604 parcant
615 3521 807 3604 obiurgando
831 3525 971 3604 peccata.
996 3523 1062 3586 Neo
1085 3521 1155 3586 ideo
1180 3523 1285 3584 tamen

228 3765 259 3818 11
282 3763 343 3818 Cor.
361 3763 384 3828 1,
403 3767 429 3830 4,
448 3765 463 3819 3
519 3765 554 3818 24
573 3765 670 3818 Erech.
690 3765 733 3830 33,
752 3767 768 3820 6

173 3891 187 3942 l
207 3889 360 3957 tegimento
382 3887 513 3956 Gelpq;
531 3891 631 3956 tegam.
653 3888 727 3941 abd
738 3887 837 3942 Domb.
893 3889 909 3940 2
929 3887 1011 3941 saluti
1030 3887 1093 3940 dum
1112 3903 1181 3950 ewa..
1202 3885 1284 3940 saluti

134 3977 311 4031 consulentes
326 3975 388 4028 dum
404 3974 457 4030 b²o
510 3975 903 4046 411111111,1111111Ῑ;111111111111]ε
955 3975 1106 4044 7110111τί111
1119 3975 1151 4028 0¹
1204 3975 1284 4028 8nec

137 4063 380 4134 Cubdelpqsu
399 4081 485 4132 neque
500 4065 599 4120 Domo.
657 4065 690 4119 10
710 4081 770 4133 qua,
791 4082 806 4117 a
825 4081 857 4118 ccc
877 4081 892 4116 o
913 4063 1032 4128 corr.,0
1085 4065 1118 4116 14
1133 4061 1284 4127 uideaturt

136 4155 169 4208 15
189 4153 365 4222 flagellantur
384 4169 402 4206 α
467 4153 725 4223 1611191111111110ι
789 4153 1133 4219 21n01intt;n01unta¹
1165 4153 1283 4256 d22sut

133 4270 226 4324 editur
240 4287 258 4322 a
268 4270 284 4322 l>
295 4269 315 4322 d
324 4284 337 4322 e
348 4269 383 4336 lp
393 4285 423 4336 q;
441 4268 609 4322 uoluntatem
625 4269 721 4322 sintin
737 4269 833 4322 melius
848 4269 946 4322 mutari
964 4267 1010 4332 0¹,·
1031 4233 1282 4336 uoluntate'posint

133 4358 162 4412 in
182 4358 426 4426 mel.mutari‚po
446 4373 527 4412 ease
547 4359 692 4422 litteram,
715 4357 750 4410 0²
803 4355 1133 4412 carnuntensem
1185 4395 1189 4404 .

159 4485 240 4525 xlixx
256 4483 317 4532 Aug.
333 4493 403 4533 opera
417 4484 491 4524 Sectlo
507 4484 526 4524 V
540 4493 593 4534 pm
608 4483 626 4523 l.
1228 4462 1244 4515 2
