3136 4934
295 434 359 502 368
492 477 497 492 .
645 433 672 488 S.
700 435 856 490 Aurelii
884 435 1103 505 Augustini

294 627 460 694 ferendum
483 631 542 707 est,
572 629 656 711 quod
685 629 777 711 quala
810 629 864 708 sit,
897 631 924 694 si
957 630 1044 696 Deus
1077 631 1145 713 ipse
1178 631 1345 712 adiuuerit,
1376 631 1435 698 alio

294 736 376 815 looo,
402 740 555 819 quantum
578 755 634 817 par
657 755 714 802 nos
738 735 805 801 fieri
828 737 956 819 poterit,
981 737 1155 820 apparebit.
1178 737 1272 804 Nune
1296 739 1374 805 satis
1396 739 1437 804 sit

295 861 540 908 commemorare
556 843 722 908 Platonem
739 844 966 909 determinasse
981 843 1076 910 finem
1090 844 1166 909 boni
1180 864 1251 910 esse
1267 845 1436 911 seeundum

297 951 451 1014 uirtutem
475 949 585 1016 uiuere
610 953 643 1014 91
670 949 698 1014 91
728 950 788 1016 9911
823 950 947 1015 euenire
979 970 1084 1033 posse,
1118 952 1171 1034 qni
1205 952 1351 1016 notitiam
1382 952 1437 1016 Dei

296 1056 412 1122 habeat
440 1059 472 1120 et
498 1055 713 1122 imitationem
744 1075 801 1120 neo
833 1075 904 1121 esse
937 1057 1031 1121 aliam
1064 1057 1104 1122 ob
1139 1077 1266 1124 oausam
1296 1060 1436 1135 beatam3
1465 1078 1477 1116 a
1541 1123 1542 1150 ἒ

294 1161 430 1246 ideoque
453 1181 514 1226 non
534 1162 660 1228 dubitat
677 1162 737 1228 hoo
757 1181 827 1228 esse
845 1162 1072 1246 philosophari,
1093 1183 1197 1230 amare
1216 1164 1330 1242 Deum,
1351 1165 1437 1230 ouius
1541 1245 1542 1248 Ἴ

295 1273 409 1334 natura
422 1267 465 1333 sit
478 1269 693 1351 incorporalis.
719 1269 809 1334 Unde
828 1269 940 1352 utique
960 1269 1121 1354 oolligitur
1139 1274 1216 1335 tuno
1233 1271 1300 1337 fore
1313 1271 1437 1336 beatem
1541 1333 1542 1368 ξ

295 1376 477 1442 studiosum
501 1375 672 1459 sapientiae
696 1375 740 1459 (id
764 1377 847 1442 enim
871 1378 921 1440 ast
942 1376 1178 1460 philosophus),
1198 1395 1271 1442 oum
1294 1377 1357 1444 frui
1375 1377 1437 1442 Deo

297 1483 446 1564 eoeperit.
467 1480 621 1560 Quamuis
641 1484 724 1548 enim
744 1503 805 1549 non
826 1484 977 1548 oontinuo
995 1483 1109 1549 beatus
1129 1483 1181 1558 911,
1202 1485 1257 1568 qui
1276 1503 1312 1549 eo
1326 1485 1440 1550 fruitur
1541 1463 1542 1546 i

297 1588 381 1671 quod
405 1591 491 1654 ornat
513 1586 622 1674 (multi
646 1589 728 1654 enim
753 1590 885 1656 amando
911 1610 957 1668 99,
987 1609 1067 1673 quae
1100 1591 1232 1656 amanda
1263 1610 1326 1656 non
1359 1593 1477 1668 sunto

296 1695 406 1760 miseri
430 1700 505 1761 sunt
528 1700 561 1761 91
583 1696 763 1762 miseriores
788 1715 860 1762 eum
883 1695 1061 1783 fruuntur):
1085 1716 1176 1762 neme
1200 1701 1307 1764 tamen
1329 1699 1437 1763 beatus

296 1804 355 1880 est,
381 1803 435 1885 qui
458 1821 494 1868 eo
519 1803 604 1884 quod
628 1806 714 1867 amat
735 1821 796 1868 non
820 1803 947 1868 fruitur.
970 1802 1053 1868 Nam
1078 1808 1111 1869 et
1132 1803 1204 1887 ipsi,
1229 1805 1357 1886 quires
1381 1823 1437 1869 non

297 1909 587 1988 amandasament
612 1927 672 1973 non
697 1927 731 1973 se
754 1909 864 1975 beatos
892 1913 1008 1993 putant
1034 1911 1178 1990 amando,
1212 1912 1267 1976 sed
1300 1911 1436 1976 fruendo.

298 2012 451 2099 Quisquis
475 2033 550 2099 ergo
574 2016 762 2094 fruituram,
788 2016 871 2098 quod
896 2021 991 2093 amat,
1020 2035 1193 2100 uerumque
1222 2019 1254 2082 et
1282 2037 1437 2083 summum

295 2123 414 2186 bonum
439 2124 534 2201 amat,
559 2123 629 2205 quis
654 2141 725 2188 eum
745 2123 875 2188 beatum
894 2124 957 2188 nisi
975 2123 1172 2191 miserrimus
1190 2128 1307 2208 negat?
1330 2125 1436 2208 Ipsum
1453 2143 1474 2182 9

297 2232 401 2294 nutem
422 2247 536 2294 uerum
556 2249 591 2294 ao
611 2249 772 2294 summum
790 2229 907 2295 bonum
927 2230 1018 2295 Plato
1038 2230 1118 2296 dioit
1134 2231 1249 2311 Deum,
1269 2231 1352 2297 unde
1371 2231 1439 2296 uult

298 2353 368 2400 esse
390 2336 617 2418 philosophum
641 2339 812 2402 amatorem
836 2337 914 2415 Dei·
931 2340 978 2414 ut,
1003 2337 1152 2420 quoniam
1174 2338 1377 2422 philosophia
1403 2336 1438 2401 ad

298 2441 423 2508 beatam
465 2443 567 2507 uitam
608 2443 722 2524 tendit,
764 2443 872 2509 fruens
908 2443 976 2509 Deo
1019 2443 1062 2508 sit
1098 2443 1211 2509 beatus
1249 2445 1303 2528 qui
1339 2445 1438 2509 Deum

298 2547 462 2612 amauerit.

741 2673 877 2739 CAPUT
902 2674 1005 2740 VIIII.
1452 2691 1474 2732 ao

374 2813 427 2877 De
452 2833 495 2878 99
518 2813 795 2898 philosophia,
821 2833 920 2898 quae
945 2817 991 2880 ud
1015 2817 1236 2882 ueritatem
1259 2815 1361 2880 fidei

536 2919 795 2986 Christianae
818 2923 989 3004 propius
1014 2923 1205 2989 99999911.

344 3060 544 3144 Quicumque
566 3062 666 3146 igitur
688 3063 871 3145 philosophi
895 3063 933 3128 de
956 3065 1024 3130 Deo
1049 3083 1174 3130 summo
1209 3067 1242 3129 et
1273 3083 1348 3128 uero
1381 3063 1438 3128 ista

298 3172 474 3247 senserunt,
507 3168 591 3252 quod
625 3171 657 3232 91
688 3187 793 3233 rerum
827 3173 1003 3234 oreatarum
1037 3171 1080 3235 sit
1111 3170 1240 3236 91199199
1272 3174 1305 3235 91
1335 3169 1435 3234 lumen

299 3274 586 3358 cognoscendarum
611 3279 643 3339 91
665 3276 784 3340 bonum
809 3274 1011 3360 agendarum,
1035 3276 1120 3359 quod
1143 3277 1182 3342 ab
1205 3276 1262 3342 illo
1286 3276 1377 3341 nobis
1399 3273 1473 3338 9119

300 3382 332 3444 91
353 3381 546 3463 principium
571 3383 700 3446 naturae
725 3386 757 3446 91
780 3382 898 3448 ueritas
929 3383 1089 3448 doctrinae
1117 3387 1149 3447 91
1177 3383 1314 3448 felicitas
1347 3382 1436 3458 91199,

299 3487 367 3551 9199
399 3488 557 3552 Platonici
594 3488 868 3554 adcommodatius
904 3493 1134 3571 nuncupentur,
1172 3489 1241 3554 siue
1281 3489 1437 3572 quodlibet

300 3593 387 3658 aliud
417 3599 522 3658 sectae
552 3614 628 3659 suae
657 3614 770 3659 nomen
799 3596 963 3678 inponant3
999 3595 1068 3660 siue
1096 3595 1317 3660 tantummodo
1345 3591 1435 3660 Iouiei

300 3700 434 3784 generis,
460 3699 564 3784 quiin
584 3703 629 3766 919
648 3701 811 3786 praecipui
830 3701 968 3781 fuerunt,
988 3703 1051 3766 1919
1070 3703 1236 3779 senserint,
1257 3703 1343 3766 siout
1360 3700 1434 3764 idem

336 3892 348 3944 l
370 3891 519 3956 adiuuaret,
540 3892 728 3958 91919999,
748 3893 758 3947 l
811 3893 827 3946 2
846 3895 968 3963 potuerit
986 3893 1027 3948 ol
1034 3911 1052 3962 q
1105 3894 1120 3946 ‘l
1140 3891 1242 3963 antiq,
1262 3909 1296 3949 m.
1317 3897 1331 3944 1
1349 3905 1435 3960 super·

297 3980 399 4050 scripio
417 3982 430 4034 l
449 3982 566 4050 utiq;‚d
637 3979 777 4036 batnmC
845 3981 931 4038 Sdeo
951 3982 1003 4036 frui
1024 3984 1057 4037 lo
1126 3983 1159 4036 13
1178 3981 1293 4036 amando
1313 3981 1435 4050 putante

299 4068 389 4138 9991111,
409 4071 451 4124 bis
468 4071 608 4140 scriplum,
630 4071 653 4124 C
708 4072 740 4124 15
761 4071 865 4142 9999111,
885 4071 927 4126 bis
944 4073 1085 4141 scriptum,
1106 4070 1130 4124 0
1187 4072 1219 4125 17
1238 4069 1337 4140 philos.
1356 4063 1435 4124 eesel

299 4159 333 4212 22
354 4160 529 4229 propinquius
543 4177 566 4228 p
657 4161 750 4214 23119
769 4162 794 4214 el
885 4161 1150 4230 249991911919
1229 4163 1435 4214 creaturarume

298 4247 333 4300 25
353 4249 381 4299 91
400 4246 504 4316 quode
553 4249 586 4302 27
606 4249 664 4302 9199
684 4249 756 4317 quod
776 4249 851 4303 aliud
870 4249 970 4303 libets
1019 4249 1053 4304 28
1069 4251 1255 4319 imponatura
1299 4249 1334 4302 29
1353 4257 1433 4300 sense·

299 4336 354 4388 rint
377 4335 399 4388 C
408 4353 426 4389 a
437 4335 452 4388 b
463 4335 504 4389 de
515 4336 584 4389 lelr¹
593 4354 623 4402 o,·
642 4341 785 4392 senserunt
799 4355 874 4407 pqo
883 4337 913 4391 102
925 4341 949 4399 f
964 4337 1064 4392 Domb.
