3072 4930
257 440 322 503 208
605 435 632 492 S.
661 436 817 492 Aurelii
845 437 1062 507 Augustini

257 630 408 695 Lucinam
441 629 592 695 mulieres
624 629 697 694 illae
725 629 965 708 inuocauerunt,
999 628 1124 712 quando
1154 649 1261 696 earum
1284 633 1408 714 partus,

257 740 295 802 ut
326 737 416 802 miris
449 737 553 802 modis
585 737 876 820 multiplicarentur
907 739 940 801 et
970 755 1048 820 gens
1090 735 1147 802 illa
1182 736 1411 802 incredibiliter
1528 755 1529 760 ’

258 846 422 922 cresceret,
456 843 494 908 ab
519 843 746 928 Aegyptiorum
779 843 1039 926 persequentium
1072 846 1105 908 et
1131 843 1269 909 infantes
1298 862 1409 909 omnes

257 969 368 1016 necare
400 949 578 1016 nolentium
610 951 758 1015 manibus
785 950 855 1034 ipse
884 949 1036 1014 seruauit.
1084 947 1159 1015 Sine
1187 950 1247 1015 dea
1272 949 1410 1015 Rumina
1514 947 1515 952 ’

257 1059 417 1140 suxerunt,
442 1057 510 1122 sine
530 1055 652 1122 Ounina
674 1056 706 1120 in
731 1057 821 1122 cunis
850 1056 988 1135 suerunt,
1013 1055 1080 1122 sine
1104 1057 1214 1121 Educa
1237 1059 1270 1121 et
1292 1057 1411 1122 Potina
1438 1085 1447 1120 a

257 1183 362 1230 escam
393 1165 569 1248 potumque
602 1165 795 1242 sumserunt,
829 1163 898 1228 sine
925 1165 974 1228 tot
998 1163 1046 1228 dis
1074 1162 1252 1246 puerilibus
1280 1163 1409 1229 educati

257 1274 343 1349 sunt,
367 1271 435 1336 sine
459 1270 508 1335 dis
533 1269 755 1354 coniugalibus
780 1269 953 1354 coniugati,
978 1269 1046 1334 sine
1065 1269 1155 1334 cultu
1174 1269 1282 1354 Priapi
1301 1271 1409 1335 conin-

257 1377 352 1462 gibus
389 1379 494 1454 mirti3
531 1377 598 1442 sina
634 1376 836 1443 inuocatione
868 1375 1009 1459 Neptuni
1046 1394 1130 1440 mare
1168 1376 1409 1442 transeuntibus

257 1484 398 1549 diuisum
421 1484 527 1568 patuit
555 1485 588 1548 et
616 1487 784 1566 sequentes
818 1501 927 1548 eorum
959 1481 1106 1548 inimicos
1138 1482 1291 1548 fluctibus
1318 1483 1350 1548 in
1376 1502 1409 1548 se

256 1591 464 1656 redeuntibus
481 1591 597 1656 obruit.
612 1591 679 1656 Nec
695 1593 962 1656 consecrauerunt
976 1590 1114 1673 aliquam
1129 1590 1221 1655 deam
1235 1589 1410 1665 Manniam,
1429 1617 1450 1656 ιο

257 1697 381 1782 quando
410 1697 448 1762 de
482 1697 568 1764 caelo
597 1715 712 1762 menna
744 1699 940 1774 sumserunt3
978 1715 1036 1762 uec
1064 1696 1189 1779 quando
1223 1696 1410 1762 sitientibus
1517 1712 1526 1785 ς

257 1823 372 1886 aquam
394 1823 546 1889 percussa
568 1807 659 1887 petra
682 1802 834 1886 proludit,
862 1801 1026 1887 Nymphas
1050 1803 1275 1887 Lymphasqne
1303 1803 1411 1867 colue·
1522 1790 1527 1803 '

256 1915 340 1976 runt.
364 1911 439 1977 Sine
462 1910 582 1976 insanis
611 1910 709 1976 sacris
737 1909 851 1974 Martis
880 1911 912 1974 et
938 1909 1088 1974 Bellonae
1116 1908 1201 1974 bella
1228 1909 1408 1993 gesserunt,

257 2022 289 2082 et
312 2017 378 2082 sine
406 2017 544 2083 uictoria
567 2016 694 2098 quidem
723 2035 783 2082 non
807 2015 962 2093 uicerunt,
990 2035 1050 2081 non
1081 2035 1150 2080 eam
1173 2019 1280 2080 tamen
1305 2013 1409 2091 deam,

257 2124 313 2189 sed
345 2123 404 2189 Dei
438 2122 489 2187 sui
521 2143 638 2188 munus
671 2122 859 2187 habuerunt.
908 2121 982 2188 Sine
1015 2121 1144 2205 Segetia
1177 2125 1303 2206 segetes
1338 2121 1408 2186 sine
1427 2149 1446 2186 a

256 2232 389 2296 Bubona
420 2231 530 2308 boues,
563 2231 661 2294 mella
693 2229 760 2292 sine
792 2229 932 2294 Mellona
963 2247 1058 2312 poma
1090 2229 1158 2294 sine
1190 2229 1343 2304 Pomona,
1377 2233 1410 2294 et

256 2357 386 2421 prorsus
415 2336 530 2414 omnia,
562 2355 617 2420 pro
655 2336 772 2418 quibus
809 2339 914 2402 tantae
946 2337 1100 2402 falsorum
1133 2335 1263 2401 deorum
1296 2335 1410 2401 turbae

259 2444 392 2509 Romani
417 2443 659 2527 supplicandum
682 2446 845 2528 putarunt,
873 2444 911 2508 ab
936 2463 998 2508 nno
1022 2463 1097 2508 uero
1122 2441 1189 2508 Deo
1213 2441 1316 2506 multo
1341 2441 1409 2506 feli-

260 2551 329 2616 cius
353 2554 551 2634 acceperunt.
583 2549 675 2615 Etsi
699 2570 761 2616 non
785 2551 818 2614 in
842 2569 914 2616 eum
943 2552 1139 2632 peccassent,
1163 2549 1249 2632 inpia
1276 2549 1409 2614 curiosi·

259 2661 325 2721 tate
348 2659 509 2738 tamquam
534 2656 668 2740 magieis
692 2656 814 2721 artibus
843 2654 968 2721 seducti
995 2656 1035 2720 ad
1063 2656 1183 2721 alienos
1206 2655 1282 2721 deos
1313 2659 1347 2721 et
1370 2655 1410 2720 ad
1426 2684 1450 2724 ao

259 2764 344 2828 idola
368 2761 543 2842 defluendo,
577 2766 609 2827 et
641 2765 801 2846 postremo
832 2762 993 2828 Christum
1022 2761 1206 2827 occidendo:
1238 2761 1269 2825 in
1295 2762 1410 2827 eodem

258 2889 355 2954 ragno
375 2869 435 2934 etsi
455 2888 515 2934 uon
535 2869 735 2953 spatiosiore,
759 2873 864 2934 tamen
883 2868 1024 2934 feliciore
1042 2868 1244 2934 mansissent.
1264 2869 1307 2932 Et
1325 2888 1410 2934 nunc

260 2975 344 3058 quod
377 2995 433 3059 per·
465 2993 576 3040 omnes
608 2975 673 3040 lere
705 2979 804 3041 terres
834 2978 1009 3060 gentesque
1033 2974 1169 3058 dispersi
1201 2978 1285 3050 suut,
1320 2975 1411 3040 illius

258 3081 352 3146 unius
386 3082 454 3146 ueri
486 3081 546 3146 Dei
578 3082 779 3165 prouidentia
811 3086 870 3156 est,
902 3085 949 3162 ut,
983 3083 1069 3166 quod
1097 3082 1226 3147 deorum
1253 3080 1411 3146 falsorum

259 3206 486 3269 usquequaque
511 3187 680 3252 simulacra
704 3207 784 3265 arae,
814 3189 877 3252 luci
901 3189 1022 3272 templa
1049 3189 1235 3252 euertuntur
1258 3189 1291 3251 et
1315 3186 1412 3251 sacri·
1428 3215 1452 3256 as

258 3293 330 3358 ficia
366 3294 583 3375 prohibentur,
617 3293 655 3358 de
693 3293 857 3359 codicibus
895 3314 1003 3360 eorum
1041 3295 1201 3377 probetur,
1240 3311 1337 3374 quem
1372 3292 1411 3357 ad

258 3398 388 3464 modum
422 3401 482 3464 hoo
514 3399 612 3465 fuerit
643 3405 731 3465 tanto
766 3405 836 3465 ante
868 3401 1104 3483 prophetatum3
1140 3419 1178 3464 ne
1209 3401 1301 3475 forte,
1336 3417 1411 3463 cum

258 3505 418 3592 legeretur
445 3505 476 3569 in
504 3507 632 3584 nostris,
657 3525 675 3572 a
698 3507 790 3572 nobis
818 3511 983 3590 putaretur
1011 3526 1082 3572 asse
1111 3505 1291 3572 confictum.
1340 3505 1410 3570 Iam

294 3899 310 3951 2
339 3895 490 3952 incrediull.
509 3896 536 3951 L
624 3899 642 3952 4
670 3898 794 3952 manibus
813 3899 872 3968 ipse
892 3897 1014 3952 seruauit
1033 3897 1247 3966 Laeampq
1265 3902 1290 3952 ct
1309 3899 1411 3953 omisso

257 3986 382 4041 manibus
401 4004 427 4054 e,·
446 4003 517 4040 man.
536 3987 595 4057 ipse
613 3987 752 4055 liberauit,
771 3988 830 4058 ipse
849 3987 971 4042 seruauit
990 3986 1046 4042 a²o
1065 3987 1163 4042 Dcmb.
1244 3990 1260 4042 5
1280 3987 1379 4042 eunica
1398 4004 1412 4040 e

258 4078 400 4129 beescam
418 4075 478 4129 Ln
532 4076 712 4130 8nocatione
734 4075 767 4130 0¹
824 4077 858 4131 14
876 4093 931 4130 non
950 4083 1016 4130 ante
1034 4077 1157 4130 uicemnt
1175 4091 1257 4131 ome
1314 4078 1346 4130 15
1367 4092 1411 4130 se·

258 4165 330 4232 gites
351 4162 381 4216 0¹
458 4166 490 4219 16
513 4164 598 4219 bobes
617 4165 677 4219 Lu
751 4165 783 4219 l‘l
810 4165 939 4219 salsorum
958 4181 1010 4220 om.
1031 4164 1062 4218 0ι
1138 4166 1170 4220 18
1199 4164 1411 4235 putaruntLA

257 4251 370 4317 Dcmb.,·
389 4256 555 4322 putauemnt
576 4253 622 4308 Oc
712 4254 745 4307 21
771 4255 982 4323 postremumO
1089 4252 1219 4306 christum
1237 4269 1296 4322 esp.
1317 4253 1414 4308 limC

257 4341 292 4394 23
312 4341 456 4410 gentisque
478 4341 509 4396 0¹
583 4342 656 4396 illie
710 4343 745 4396 28
765 4343 970 4397 confinctumA
