3136 4928
301 413 365 475 480
644 407 671 460 S.
699 405 856 460 Aurelii
883 406 1101 474 Augustini

300 605 401 687 pinni,
427 609 553 669 etcum
578 603 617 670 ad
640 603 785 668 homines
807 604 853 668 ita
875 603 1057 682 mittuntur,
1081 607 1118 667 ut
1141 623 1250 668 eorum
1269 604 1447 686 praeseutia

302 711 467 788 sentiatur,
492 712 690 795 apertissime
715 713 834 775 uetant.
860 709 941 774 Sunt
963 710 1104 793 exempla
1127 709 1159 773 in
1178 709 1295 774 litteris
1318 708 1446 774 sanctis.
1552 775 1553 778 ,

301 816 498 882 Putanerunt
521 817 648 900 qnidam
674 816 876 881 deferendum
901 817 1023 900 angelis
1047 816 1196 881 honorem
1218 816 1269 880 uel
1289 815 1447 880 adorando

301 924 353 988 uel
379 924 592 999 sacrificando,
617 924 669 1002 oui
695 923 827 988 debetur
845 925 924 999 Dec,
949 931 1113 987 eteorum
1138 927 1214 987 sunt
1232 921 1448 986 admonitione

301 1031 452 1114 prohibiti
475 1032 618 1113 iussique
642 1031 702 1096 hoc
727 1031 755 1095 ei
780 1030 908 1108 deferre,
934 1031 985 1095 oui
1012 1033 1066 1095 nni
1094 1030 1143 1094 fas
1175 1047 1245 1093 esse
1279 1033 1447 1094 nonerunt.
1475 1049 1486 1088 s

303 1138 422 1202 imitati
446 1140 521 1202 sunt
544 1138 674 1221 angelos
699 1141 826 1202 sanctos
852 1137 946 1201 etiam
972 1137 1072 1201 sancti
1095 1137 1239 1201 homines
1263 1137 1334 1201 Dei.
1368 1134 1447 1200 Nam

302 1243 422 1308 Paulus
446 1247 478 1308 et
500 1243 659 1308 Barnabas
682 1243 714 1307 in
737 1242 897 1324 Lycaonia
919 1241 1002 1307 facto
1028 1242 1165 1325 quodam
1187 1242 1345 1306 miraculo
1371 1241 1449 1305 sani·
1549 1245 1553 1312 l

302 1350 377 1414 tatis
418 1349 521 1431 putati
560 1352 636 1414 sunt
673 1348 714 1423 di,
752 1349 861 1430 eisque
897 1347 1048 1431 Lycaonii
1089 1349 1239 1412 uictimas
1282 1348 1448 1411 immolare
1552 1327 1553 1370 ³

302 1458 487 1532 uoluerunt;
512 1456 598 1538 qnod
621 1475 639 1519 a
663 1475 696 1520 se
721 1455 834 1519 humili
857 1455 975 1538 pietate
997 1457 1198 1520 remanentes
1222 1455 1268 1519 eis
1292 1455 1326 1518 in
1356 1473 1447 1537 quem

303 1563 463 1627 crederent
497 1563 762 1626 adnuntiauerunt
785 1562 899 1626 Deum.
945 1561 1013 1626 Nec
1046 1561 1085 1626 ob
1118 1561 1205 1625 aliud
1237 1561 1371 1624 fallaces
1402 1558 1485 1625 illiso

303 1669 438 1751 superbe
466 1670 527 1733 sibi
550 1670 610 1734 hoc
633 1669 771 1753 erigunt,
796 1669 858 1732 nisi
887 1669 961 1750 quia
988 1687 1063 1732 uero
1092 1668 1158 1732 Deo
1193 1668 1299 1732 deberi
1333 1666 1445 1731 sciunt.
1552 1753 1553 1758 ἵ

302 1776 372 1840 Non
397 1777 479 1841 enim
504 1795 536 1840 re
560 1795 645 1851 uera,
666 1781 702 1839 ut
726 1777 770 1840 ait
789 1774 982 1858 Porphyrius
1002 1778 1034 1838 et
1052 1775 1196 1838 nonnulli
1213 1777 1339 1858 putant,
1361 1773 1446 1837 cads-
1552 1781 1553 1854 l

303 1883 420 1947 uerinis
445 1883 617 1960 nidoribus,
643 1882 699 1946 sed
719 1883 835 1946 diuinis
854 1881 1026 1945 bonoribus
1046 1881 1195 1964 gaudent.
1220 1879 1354 1963 Copiam
1374 1898 1445 1944 uero

303 1989 448 2055 nidorum
470 2009 618 2072 magnam
642 1989 761 2053 habent
783 1988 933 2071 nudique,
958 1992 990 2052 et
1014 1988 1040 2052 si
1064 1989 1202 2070 amplius
1226 1987 1359 2060 uellent,
1388 1986 1445 2067 ipsi
1525 2002 1529 2012 ·

304 2096 366 2160 sibi
397 2100 543 2177 poterant
575 2095 728 2160 exhibere.
767 2094 829 2174 Qui
863 2113 935 2178 ergo
969 2093 1168 2159 diuinitatem
1201 2093 1262 2157 sibi
1296 2093 1483 2177 adrogantis

304 2202 446 2284 spiritns,
471 2220 531 2265 non
556 2202 729 2266 cuiuslibet
753 2201 891 2283 corporis
916 2201 1013 2279 fumo,
1034 2201 1091 2266 sed
1110 2199 1320 2284 supplicantis
1345 2200 1444 2264 animo

304 2308 510 2384 delectantur,
531 2308 582 2373 cui
602 2308 733 2391 decepto
754 2308 959 2391 subiectoque
976 2307 1184 2385 dominentur,
1199 2307 1445 2371 intercludentes

305 2415 364 2478 iter
393 2413 431 2478 ad
456 2414 560 2479 Deum
590 2434 712 2492 nerum,
743 2434 781 2477 ne
813 2415 856 2478 sit
887 2415 981 2479 homo
1015 2414 1104 2478 illius
1136 2412 1339 2490 sacrificium,
1374 2414 1444 2477 dum

305 2520 498 2584 sacrificatur
521 2521 658 2604 cuipiam
682 2525 805 2605 praeter
828 2521 929 2586 illum.

763 2714 898 2779 CAPUT
922 2715 990 2778 XX.
1461 2739 1483 2777 sc

306 2856 359 2920 De
394 2876 543 2921 summo
576 2876 754 2940 ueroque
788 2857 1013 2934 sacrificio,
1052 2856 1157 2939 qnod
1188 2855 1276 2937 ipse
1310 2855 1383 2918 Dei
1411 2857 1445 2916 et

508 2963 713 3028 hominum
736 2963 937 3028 mediator
961 2963 1145 3027 effectus
1170 2963 1243 3026 est.

354 3103 442 3168 Unde
467 3123 561 3169 uerus
587 3105 642 3170 ille
666 3105 830 3186 mediator,
856 3106 886 3170 in
916 3109 1069 3188 quantum
1097 3106 1230 3169 formam
1259 3103 1345 3168 serui
1374 3101 1446 3165 acci·
1552 3119 1553 3124 ¹

306 3208 394 3292 piens
418 3210 573 3276 mediator
600 3213 731 3277 effectus
760 3221 810 3278 est
837 3213 897 3278 Dei
926 3216 958 3277 et
979 3212 1153 3288 hominurn,
1184 3213 1278 3276 homo
1305 3209 1446 3275 Christus

304 3317 408 3396 Iesus,
442 3337 514 3382 cum
538 3319 569 3383 in
592 3319 694 3385 forma
716 3320 775 3386 Dei
799 3321 988 3385 sacrificium
1013 3338 1084 3384 oum
1109 3321 1202 3384 Patre
1227 3323 1344 3396 sumat,
1379 3333 1481 3380 crumas

396 3545 516 3599 31udio.
538 3547 578 3615 13,
600 3549 645 3612 16;
665 3549 748 3617 Apoc.
767 3549 810 3612 22,
829 3549 858 3612 8;
879 3549 895 3601 9
951 3550 965 3602 7
986 3550 1045 3602 Act.
1067 3550 1100 3602 14

344 3669 522 3722 imittantur
542 3670 585 3725 ab
641 3671 704 3724 2in
724 3673 824 3726 litteris
844 3690 893 3726 orn.
914 3673 941 3726 b¹
996 3673 1137 3743 3nngelis
1157 3673 1239 3728 deser.
1260 3692 1279 3728 a
1334 3677 1447 3731 5111εεὶ-

308 3773 359 3826 que
371 3799 485 3814 .......
496 3763 630 3813 nouerant
647 3760 679 3812 im
697 3763 818 3830 mamb
915 3763 960 3814 uni
980 3778 1031 3816 cm.
1052 3779 1070 3814 a
1159 3763 1334 3818 Simmolare
1354 3766 1448 3822 uictn

307 3847 444 3914 9quose
513 3847 542 3900 in
562 3864 641 3917 quem
660 3863 710 3904 om.
731 3849 759 3902 b¹
815 3851 844 3903 ll
866 3849 988 3904 sibihoc
1007 3866 1091 3906 om.a
1158 3852 1334 3919 postsciunt
1352 3853 1448 3906 addita

308 3967 347 4015 est
358 3962 451 4030 glossa
464 3979 498 4016 m.
514 3966 534 4016 2
548 3964 678 4018 cancellis
691 3969 769 4032 septa
783 3965 846 4035 [non
866 3965 995 4019 delectari
1014 3966 1157 4020 daemones
1176 3933 1296 4020 incensid
1312 3974 1361 4021 aut
1373 3969 1446 4022 nido·

308 4049 382 4102 ribus
401 4049 450 4103 sed
469 4049 598 4120 obsequio
619 4069 709 4105 eornm
730 4053 775 4121 qui
790 4069 821 4106 ea
836 4053 961 4122 offerunt]
977 4055 993 4107 b
1049 4054 1082 4106 la
1101 4058 1130 4107 et
1144 4057 1175 4107 ut
1188 4051 1218 4108 b²
1274 4057 1307 4109 19
1326 4057 1445 4125 cuipiam,

308 4140 338 4190 in
356 4155 441 4208 marp.
456 4139 470 4192 l
484 4140 630 4209 quippiam,
646 4142 661 4194 b
733 4148 796 4209 post
815 4143 894 4196 illum
911 4160 945 4194 m.
966 4147 986 4196 2
1003 4143 1134 4196 cancellis
1151 4147 1229 4211 septa
1249 4144 1399 4214 [eleganter
1415 4143 1444 4196 de

309 4226 408 4279 cbristo
429 4229 522 4296 quiin
543 4229 628 4282 iorma
648 4229 691 4282 dei
711 4247 768 4283 cum
788 4235 865 4301 patre
885 4231 1045 4285 sacrificium
1064 4232 1147 4285 sumit
1161 4233 1188 4285 in
1202 4231 1290 4286 forms
1308 4234 1379 4288 serui
1392 4233 1444 4302 ipse

308 4315 466 4369 sacrificinm
485 4317 572 4372 iactus
593 4321 644 4387 est]
666 4319 681 4372 b
