3164 4932
389 443 438 496 Dc
467 441 640 496 ciuitate
669 442 731 496 dci
757 442 822 497 lib.
850 441 912 503 XII.
941 459 1015 514 cap.
1039 443 1082 498 26.
1239 449 1303 512 611

152 639 214 704 bus
244 637 395 715 continet,
371 637 630 702 tcumitidem
658 638 818 722 legamus:
843 638 1042 703 Deuarll1
1066 639 1133 704 da
1119 643 1303 724 toorpus

155 764 231 828 quo
269 745 382 809 modo
421 744 664 809 uoluerite
648 745 947 827 etunicuique
985 747 1181 812 seminum
1222 768 1304 831 pro·

153 853 287 935 prium
319 856 540 935 corpus.t
509 852 559 916 Ita
591 870 648 916 nec
675 851 824 916 feminam
855 853 902 916 sui
933 853 1092 935 puerperii
1121 855 1304 920 creatricem

154 959 312 1042 appellare
336 957 501 1032 debemus,
526 957 581 1022 sed
603 957 712 1039 potius
740 958 831 1022 illum
861 961 914 1041 qui
943 958 1068 1024 cuidam
1096 960 1215 1024 famulo
1245 981 1303 1028 suo

120 1065 247 1130 edixit:
280 1064 526 1147 Priusquam
551 1067 589 1128 te
613 1065 826 1129 formarem
851 1065 888 1129 in
912 1067 1038 1144 utero,
1065 1067 1157 1132 noui
1183 1071 1231 1132 te.
1263 1069 1304 1134 uo

155 1170 302 1254 quamuis
326 1171 431 1236 anima
454 1171 500 1235 sic
524 1169 577 1234 uel
602 1170 647 1234 sic
668 1171 780 1235 affecta
799 1171 999 1256 praegnantis
1019 1173 1125 1237 ualeat
1143 1174 1303 1257 aliquibus

154 1279 247 1343 uelut
269 1277 398 1342 iuduere
423 1277 632 1361 qualitatibus
656 1271 873 1354 fetum,'sicut
896 1278 934 1342 de
958 1279 1057 1363 uirgis
1076 1279 1208 1344 uariatis
1228 1281 1304 1346 lecit

153 1385 259 1462 lacco,
277 1387 314 1449 ut
331 1403 446 1467 pecora
465 1385 568 1450 colore
588 1384 676 1448 uaria
691 1383 906 1470 gignerentur:
927 1389 1070 1449 naturam
1084 1389 1188 1450 tamen
1204 1387 1302 1466 illam,

154 1511 235 1574 quae
264 1491 415 1575 gignitur,
444 1494 509 1555 tam
539 1490 609 1573 ipsa
637 1509 697 1554 non
727 1491 812 1578 lecit,
842 1511 936 1573 quam
969 1510 1025 1557 nec
1054 1492 1124 1576 ipsa
1157 1513 1190 1558 se
1218 1495 1303 1564 fecit.

110 1625 135 1660 ιι
155 1595 325 1676 Quaelibet
342 1596 441 1681 igitur
456 1599 632 1680 corporales
649 1599 701 1662 uel
716 1597 884 1662 seminales
900 1617 1013 1663 causae
1029 1599 1194 1684 gignendis
1208 1601 1302 1666 rebus

154 1704 373 1780 adhibeantur,
402 1705 471 1768 siue
500 1704 735 1786 operationibus
764 1706 948 1788 augelorum
978 1710 1034 1770 aut
1060 1705 1224 1772 hominum
1248 1713 1303 1773 aut

154 1829 351 1892 quorumque
371 1811 551 1874 animalium
573 1811 641 1875 siue
660 1811 795 1875 marium
814 1811 1063 1895 feminarumque
1084 1813 1302 1890 mixtionibus3

154 1917 314 2000 quaelibet
355 1917 450 1982 etiarn
493 1917 648 1982 desideria
684 1920 832 1982 motusue
871 1918 992 1982 animae
1028 1919 1138 1984 matris
1176 1921 1304 1985 ualeant

154 2022 274 2105 aliquid
297 2023 553 2088 liniamentorum
577 2027 633 2088 aut
656 2025 798 2090 colorum
817 2043 984 2110 aspergere
1002 2027 1118 2090 teneris
1138 2028 1303 2092 mollibus·

108 2155 135 2195 ιι
155 2149 215 2212 que
245 2129 465 2212 conceptibus:
494 2129 580 2213 ipsas
609 2130 734 2195 omnino
763 2134 902 2209 naturas,
932 2151 1012 2212 quae
1041 2133 1088 2196 sic
1115 2135 1169 2197 uel
1197 2134 1242 2198 sic
1270 2135 1302 2198 in

154 2256 212 2301 suo
246 2255 359 2320 genere
392 2236 580 2313 alliciantur,
613 2256 673 2302 non
706 2237 783 2302 lacit
815 2237 877 2302 nisi
910 2257 1054 2303 summus
1083 2239 1180 2316 Deus,
1210 2241 1301 2304 cuius

155 2344 281 2408 occulta
290 2345 432 2425 potentia
447 2347 560 2409 cuncta
573 2348 740 2426 penetrans
754 2345 1024 2409 incontaminabili
1035 2345 1212 2428 praesentia
1226 2348 1303 2412 facit

154 2469 225 2514 esse
240 2449 395 2533 quidquid
410 2450 624 2533 aliquomodo
641 2454 699 2528 est,
714 2451 746 2515 in
762 2455 1053 2533 quantumcumque
1070 2455 1131 2528 est;
1153 2453 1227 2536 quia
1242 2453 1302 2517 nisi

152 2560 289 2623 faciente
302 2559 359 2624 illo
374 2577 436 2624 non
451 2558 514 2623 tale
528 2559 581 2622 uel
595 2559 659 2623 tale
680 2563 775 2636 essct,
798 2559 854 2624 sed
873 2577 1001 2642 prorsus
1018 2579 1087 2623 esse
1106 2579 1166 2624 nou
1182 2563 1301 2641 posset.

106 2693 134 2731 ac
154 2664 353 2748 Quapropter
390 2667 417 2730 si
450 2665 480 2728 in
513 2665 569 2729 illa
601 2666 716 2747 specie,
750 2684 845 2747 quam
876 2665 1052 2730 forinsecus
1086 2665 1301 2746 corporalibus

153 2771 282 2854 opifices
305 2772 399 2836 rcbus
422 2773 588 2853 inponunt,
613 2773 722 2836 urbem
744 2773 874 2838 llornam
898 2773 931 2836 et
953 2772 1064 2836 urbem
1082 2771 1301 2835 Alexandriam

152 2897 213 2943 non
233 2878 339 2944 fabros
360 2882 392 2943 et
411 2878 612 2958 architectos,
633 2877 688 2942 sed
708 2898 809 2962 reges,
831 2897 963 2962 quorum
983 2877 1149 2942 uoluntate
1170 2878 1301 2942 consilio

150 2984 283 3068 imperio
317 2985 487 3049 fabricatae
520 2989 604 3060 sunt,
638 2985 726 3049 illam
759 2985 941 3062 Romulum,
975 2984 1063 3049 illam
1091 2983 1301 3048 Alexandrum

150 3091 303 3156 habuisse
318 3091 453 3156 dicimus
475 3091 666 3156 conditores:
683 3095 799 3174 quanto
815 3093 923 3174 potius
939 3111 1000 3156 non
1015 3091 1076 3158 nisi
1091 3091 1193 3156 Deum
1211 3091 1301 3155 debo-

107 3226 131 3264 a
151 3219 223 3262 mus
244 3198 436 3263 conditorem
457 3198 560 3262 dicere
580 3203 772 3274 naturarum,
790 3199 844 3282 qui
864 3219 964 3281 neque
981 3217 1016 3261 er
1031 3216 1067 3262 ea
1081 3197 1213 3261 materia
1226 3198 1302 3262 facit

151 3305 282 3388 aliquid,
303 3325 397 3388 quarn
421 3306 489 3386 ipse
513 3326 572 3370 nou
597 3307 718 3384 lecerit,
744 3325 800 3370 uec
824 3307 983 3389 operarios
1007 3305 1112 3382 habet,
1136 3305 1195 3371 nisi
1222 3325 1301 3388 quos

244 3539 316 3593 lib.
337 3541 378 3602 15,
398 3540 433 3593 38
488 3539 641 3592 5Hierem
664 3541 687 3601 l,
708 3543 723 3594 5
779 3539 881 3594 δῦθι.
902 3539 945 3602 30,
965 3540 999 3594 37

186 3701 273 3754 4suo
293 3699 430 3753 lamnloc
503 3700 560 3753 bei
582 3698 655 3752 uelt
727 3699 830 3768 ualeat]
852 3699 980 3752 uolontb
1053 3697 1171 3768 lsicut]
1190 3697 1301 3752 uelutb

148 3815 275 3869 8colore
291 3815 434 3883 uariopl;
451 3815 526 3868 uario
543 3815 630 3868 colore
645 3833 677 3881 α,·
696 3815 783 3875 colere
798 3831 873 3878 uaria
887 3831 947 3868 cum
962 3814 1188 3883 cremasteras
1199 3819 1268 3866 notu
1284 3831 1302 3866 a

149 3905 333 3957 naturatum.
352 3903 431 3957 illac
515 3903 627 3956 illumb
702 3904 792 3956 etam
812 3903 901 3957 cond
984 3919 1101 3971 quam..
1113 3901 1196 3956 lecit
1213 3901 1300 3956 cont

151 3995 184 4046 10
205 3992 363 4061 qualibetb
443 3991 488 4045 uel
507 3993 652 4046 seminales
673 3992 760 4045 om.b
833 3991 1010 4061 gignentibus
1030 4009 1047 4042 a
1120 3993 1153 4045 12
1173 4007 1300 4060 quorum·

149 4081 300 4151 cumqueb
381 4080 542 4134 feminarum
563 4081 650 4134 om.b
724 4080 993 4134 commixtionibusb
1081 4079 1114 4133 13
1134 4077 1302 4130 decideriue

150 4171 185 4224 14
203 4169 343 4223 lineamo
400 4169 651 4238 lipraeeciantial
705 4169 739 4222 18
761 4173 943 4237 quantumque
958 4167 986 4221 b¹
1042 4169 1105 4222 19ιι
1162 4167 1300 4220 aiaconb

149 4260 233 4329 esset]
251 4273 309 4312 esee
329 4257 373 4312 Vl
445 4259 558 4327 possiti
611 4259 646 4312 20
667 4263 743 4326 quat
797 4259 832 4310 24
851 4257 1095 4312 conditdcbemur
1175 4257 1209 4308 26
1230 4253 1301 4324 quod

146 4347 244 4417 ipseb

1212 4450 1264 4504 39*
