<?xml version="1.0" encoding="UTF-8"?>
<!DOCTYPE html PUBLIC "-//W3C//DTD XHTML 1.0 Transitional//EN"
    "http://www.w3.org/TR/xhtml1/DTD/xhtml1-transitional.dtd">
<html xmlns="http://www.w3.org/1999/xhtml" xml:lang="en" lang="en">
 <head>
  <title>
</title>
<meta http-equiv="Content-Type" content="text/html;charset=utf-8" />
  <meta name='ocr-system' content='tesseract 3.04.00' />
  <meta name='ocr-capabilities' content='ocr_page ocr_carea ocr_par ocr_line ocrx_word'/>
</head>
<body>
  <div class='ocr_page' id='page_1' title='image "./corpusscriptoru20wiengoog_0258.png"; bbox 0 0 3072 4930; ppageno 0'>
   <div class='ocr_carea' id='block_1_1' title="bbox 378 429 1274 501">
    <p class='ocr_par' dir='ltr' id='par_1_1' title="bbox 378 429 1274 501">
     <span class='ocr_line' id='line_1_1' title="bbox 378 429 1274 501; baseline 0.01 -18"><span class='ocrx_word' id='word_1_1' title='bbox 378 431 428 484; x_wconf 87' lang='lat' dir='ltr'><strong>De</strong></span> <span class='ocrx_word' id='word_1_2' title='bbox 457 431 630 486; x_wconf 79' lang='lat' dir='ltr'><strong>ciuitate</strong></span> <span class='ocrx_word' id='word_1_3' title='bbox 659 429 720 485; x_wconf 87' lang='lat' dir='ltr'><strong>dei</strong></span> <span class='ocrx_word' id='word_1_4' title='bbox 747 431 811 486; x_wconf 93' lang='lat' dir='ltr'><strong>lib.</strong></span> <span class='ocrx_word' id='word_1_5' title='bbox 836 431 867 486; x_wconf 91' lang='lat' dir='ltr'><strong>V.</strong></span> <span class='ocrx_word' id='word_1_6' title='bbox 892 449 966 501; x_wconf 82' lang='lat' dir='ltr'><strong>cap.</strong></span> <span class='ocrx_word' id='word_1_7' title='bbox 991 433 1016 487; x_wconf 89' lang='lat'><strong>9.</strong></span> <span class='ocrx_word' id='word_1_8' title='bbox 1209 437 1274 500; x_wconf 83' lang='grc'><strong>227</strong></span> 
     </span>
    </p>
   </div>
   <div class='ocr_carea' id='block_1_2' title="bbox 89 624 1343 3803">
    <p class='ocr_par' dir='ltr' id='par_1_2' title="bbox 89 624 1343 3803">
     <span class='ocr_line' id='line_1_2' title="bbox 127 624 1276 712; baseline 0.003 -24"><span class='ocrx_word' id='word_1_9' title='bbox 127 643 207 708; x_wconf 88' lang='lat' dir='ltr'><strong>quos</strong></span> <span class='ocrx_word' id='word_1_10' title='bbox 233 625 361 710; x_wconf 81' lang='lat' dir='ltr'>angelos</span> <span class='ocrx_word' id='word_1_11' title='bbox 379 624 440 689; x_wconf 88' lang='lat' dir='ltr'><strong>Dei</strong></span> <span class='ocrx_word' id='word_1_12' title='bbox 460 625 606 703; x_wconf 85' lang='lat' dir='ltr'><strong>dicimus,</strong></span> <span class='ocrx_word' id='word_1_13' title='bbox 632 645 689 691; x_wconf 89' lang='lat' dir='ltr'><strong>seu</strong></span> <span class='ocrx_word' id='word_1_14' title='bbox 713 626 880 702; x_wconf 83' lang='lat' dir='ltr'><strong>maiorum,</strong></span> <span class='ocrx_word' id='word_1_15' title='bbox 906 647 985 709; x_wconf 92' lang='lat' dir='ltr'><strong>quos</strong></span> <span class='ocrx_word' id='word_1_16' title='bbox 1005 628 1135 712; x_wconf 81' lang='lat' dir='ltr'>angelos</span> <span class='ocrx_word' id='word_1_17' title='bbox 1156 627 1276 693; x_wconf 89' lang='lat' dir='ltr'><strong>diaboli</strong></span> 
     </span>
     <span class='ocr_line' id='line_1_3' title="bbox 126 731 1275 818; baseline 0.003 -22"><span class='ocrx_word' id='word_1_18' title='bbox 126 733 180 797; x_wconf 91' lang='lat' dir='ltr'><strong>uei</strong></span> <span class='ocrx_word' id='word_1_19' title='bbox 203 733 300 797; x_wconf 86' lang='lat' dir='ltr'><strong>etiam</strong></span> <span class='ocrx_word' id='word_1_20' title='bbox 320 731 490 798; x_wconf 88' lang='lat' dir='ltr'><strong>daemones</strong></span> <span class='ocrx_word' id='word_1_21' title='bbox 510 733 722 818; x_wconf 82' lang='lat' dir='ltr'><strong>appellamus:</strong></span> <span class='ocrx_word' id='word_1_22' title='bbox 747 733 793 798; x_wconf 90' lang='lat' dir='ltr'><strong>sio</strong></span> <span class='ocrx_word' id='word_1_23' title='bbox 817 737 849 799; x_wconf 92' lang='lat' dir='ltr'><strong>et</strong></span> <span class='ocrx_word' id='word_1_24' title='bbox 870 733 1046 813; x_wconf 82' lang='lat' dir='ltr'><strong>homiuum,</strong></span> <span class='ocrx_word' id='word_1_25' title='bbox 1070 738 1102 800; x_wconf 90' lang='lat' dir='ltr'><strong>et</strong></span> <span class='ocrx_word' id='word_1_26' title='bbox 1119 735 1275 800; x_wconf 90' lang='lat' dir='ltr'><strong>bonorum</strong></span> 
     </span>
     <span class='ocr_line' id='line_1_4' title="bbox 127 839 1274 925; baseline 0.001 -20"><span class='ocrx_word' id='word_1_27' title='bbox 127 839 254 905; x_wconf 81' lang='lat' dir='ltr'><strong>scilieet</strong></span> <span class='ocrx_word' id='word_1_28' title='bbox 277 839 496 906; x_wconf 88' lang='lat' dir='ltr'><strong>etmalorum.</strong></span> <span class='ocrx_word' id='word_1_29' title='bbox 542 841 589 905; x_wconf 86' lang='lat' dir='ltr'><strong>Ao</strong></span> <span class='ocrx_word' id='word_1_30' title='bbox 611 860 668 924; x_wconf 91' lang='lat' dir='ltr'><strong>per</strong></span> <span class='ocrx_word' id='word_1_31' title='bbox 690 840 750 905; x_wconf 88' lang='lat' dir='ltr'><strong>hoo</strong></span> <span class='ocrx_word' id='word_1_32' title='bbox 778 840 941 925; x_wconf 81' lang='lat' dir='ltr'><strong>colligitur</strong></span> <span class='ocrx_word' id='word_1_33' title='bbox 968 861 1029 907; x_wconf 90' lang='lat' dir='ltr'><strong>non</strong></span> <span class='ocrx_word' id='word_1_34' title='bbox 1058 861 1128 908; x_wconf 89' lang='lat' dir='ltr'><strong>esse</strong></span> <span class='ocrx_word' id='word_1_35' title='bbox 1161 860 1274 908; x_wconf 80' lang='lat' dir='ltr'><strong>saunas</strong></span> 
     </span>
     <span class='ocr_line' id='line_1_5' title="bbox 127 945 1275 1029; baseline 0.003 -19"><span class='ocrx_word' id='word_1_36' title='bbox 127 945 301 1012; x_wconf 80' lang='lat' dir='ltr'><strong>efficientes</strong></span> <span class='ocrx_word' id='word_1_37' title='bbox 326 947 465 1012; x_wconf 89' lang='lat' dir='ltr'><strong>omnium</strong></span> <span class='ocrx_word' id='word_1_38' title='bbox 489 965 569 1028; x_wconf 85' lang='lat' dir='ltr'><strong>quae</strong></span> <span class='ocrx_word' id='word_1_39' title='bbox 591 947 673 1012; x_wconf 90' lang='lat' dir='ltr'><strong>fiunt</strong></span> <span class='ocrx_word' id='word_1_40' title='bbox 699 947 760 1012; x_wconf 92' lang='lat' dir='ltr'><strong>nisi</strong></span> <span class='ocrx_word' id='word_1_41' title='bbox 789 948 996 1029; x_wconf 84' lang='lat' dir='ltr'><strong>uoluntarias,</strong></span> <span class='ocrx_word' id='word_1_42' title='bbox 1028 949 1117 1014; x_wconf 91' lang='lat' dir='ltr'><strong>illius</strong></span> <span class='ocrx_word' id='word_1_43' title='bbox 1144 951 1275 1013; x_wconf 87' lang='lat' dir='ltr'><strong>naturae</strong></span> 
     </span>
     <span class='ocr_line' id='line_1_6' title="bbox 97 1053 1343 1136; baseline 0.003 -24"><span class='ocrx_word' id='word_1_44' title='bbox 97 1053 263 1128; x_wconf 78' lang='lat' dir='ltr'><strong>escilioet</strong></span> <span class='ocrx_word' id='word_1_45' title='bbox 287 1072 366 1135; x_wconf 88' lang='lat' dir='ltr'><strong>quae</strong></span> <span class='ocrx_word' id='word_1_46' title='bbox 389 1053 520 1136; x_wconf 90' lang='lat' dir='ltr'><strong>spiritus</strong></span> <span class='ocrx_word' id='word_1_47' title='bbox 544 1053 630 1118; x_wconf 86' lang='lat' dir='ltr'><strong>uitae</strong></span> <span class='ocrx_word' id='word_1_48' title='bbox 654 1056 713 1118; x_wconf 73' lang='lat' dir='ltr'><strong>est,</strong></span> <span class='ocrx_word' id='word_1_49' title='bbox 750 1053 832 1119; x_wconf 87' lang='lat' dir='ltr'><strong>Nam</strong></span> <span class='ocrx_word' id='word_1_50' title='bbox 862 1059 894 1119; x_wconf 92' lang='lat' dir='ltr'><strong>et</strong></span> <span class='ocrx_word' id='word_1_51' title='bbox 916 1074 969 1120; x_wconf 89' lang='lat' dir='ltr'><strong>aer</strong></span> <span class='ocrx_word' id='word_1_52' title='bbox 990 1054 1052 1120; x_wconf 92' lang='lat' dir='ltr'><strong>iste</strong></span> <span class='ocrx_word' id='word_1_53' title='bbox 1076 1074 1133 1120; x_wconf 88' lang='lat' dir='ltr'><strong>seu</strong></span> <span class='ocrx_word' id='word_1_54' title='bbox 1157 1057 1274 1119; x_wconf 89' lang='lat' dir='ltr'><strong>uentus</strong></span> <span class='ocrx_word' id='word_1_55' title='bbox 1341 1111 1343 1116; x_wconf 82' lang='grc'><strong>,</strong></span> 
     </span>
     <span class='ocr_line' id='line_1_7' title="bbox 128 1159 1275 1244; baseline 0.002 -20"><span class='ocrx_word' id='word_1_56' title='bbox 128 1159 246 1225; x_wconf 87' lang='lat' dir='ltr'><strong>dieitur</strong></span> <span class='ocrx_word' id='word_1_57' title='bbox 277 1159 423 1243; x_wconf 85' lang='lat' dir='ltr'><strong>spiritus;</strong></span> <span class='ocrx_word' id='word_1_58' title='bbox 461 1160 694 1244; x_wconf 84' lang='lat' dir='ltr'><strong>sedquoniam</strong></span> <span class='ocrx_word' id='word_1_59' title='bbox 727 1180 841 1243; x_wconf 87' lang='lat' dir='ltr'><strong>eorpus</strong></span> <span class='ocrx_word' id='word_1_60' title='bbox 874 1164 933 1239; x_wconf 82' lang='lat' dir='ltr'><strong>ost,</strong></span> <span class='ocrx_word' id='word_1_61' title='bbox 966 1180 1027 1226; x_wconf 90' lang='lat' dir='ltr'><strong>non</strong></span> <span class='ocrx_word' id='word_1_62' title='bbox 1061 1166 1110 1228; x_wconf 89' lang='lat' dir='ltr'><strong>est</strong></span> <span class='ocrx_word' id='word_1_63' title='bbox 1143 1160 1275 1244; x_wconf 83' lang='lat' dir='ltr'><strong>spiritus</strong></span> 
     </span>
     <span class='ocr_line' id='line_1_8' title="bbox 127 1265 1275 1352; baseline 0.001 -21"><span class='ocrx_word' id='word_1_64' title='bbox 127 1267 223 1331; x_wconf 88' lang='lat' dir='ltr'><strong>uitae.</strong></span> <span class='ocrx_word' id='word_1_65' title='bbox 263 1265 401 1351; x_wconf 80' lang='lat' dir='ltr'><strong>Spiritus</strong></span> <span class='ocrx_word' id='word_1_66' title='bbox 425 1285 500 1352; x_wconf 85' lang='lat' dir='ltr'><strong>ergo</strong></span> <span class='ocrx_word' id='word_1_67' title='bbox 524 1268 620 1344; x_wconf 84' lang='lat' dir='ltr'><strong>uitae,</strong></span> <span class='ocrx_word' id='word_1_68' title='bbox 644 1267 700 1350; x_wconf 90' lang='lat' dir='ltr'><strong>qui</strong></span> <span class='ocrx_word' id='word_1_69' title='bbox 723 1267 867 1332; x_wconf 88' lang='lat' dir='ltr'><strong>uiuifioat</strong></span> <span class='ocrx_word' id='word_1_70' title='bbox 889 1269 995 1333; x_wconf 90' lang='lat' dir='ltr'><strong>omnia</strong></span> <span class='ocrx_word' id='word_1_71' title='bbox 1018 1271 1201 1350; x_wconf 75' lang='lat' dir='ltr'>creatorque</span> <span class='ocrx_word' id='word_1_72' title='bbox 1225 1270 1275 1332; x_wconf 88' lang='lat' dir='ltr'><strong>est</strong></span> 
     </span>
     <span class='ocr_line' id='line_1_9' title="bbox 129 1373 1275 1458; baseline 0 -20"><span class='ocrx_word' id='word_1_73' title='bbox 129 1373 231 1438; x_wconf 89' lang='lat' dir='ltr'><strong>omnis</strong></span> <span class='ocrx_word' id='word_1_74' title='bbox 251 1374 391 1456; x_wconf 88' lang='lat' dir='ltr'><strong>corporis</strong></span> <span class='ocrx_word' id='word_1_75' title='bbox 411 1377 445 1437; x_wconf 91' lang='lat' dir='ltr'><strong>et</strong></span> <span class='ocrx_word' id='word_1_76' title='bbox 462 1375 563 1439; x_wconf 88' lang='lat' dir='ltr'><strong>omnis</strong></span> <span class='ocrx_word' id='word_1_77' title='bbox 586 1373 682 1439; x_wconf 82' lang='lat' dir='ltr'><strong>creati</strong></span> <span class='ocrx_word' id='word_1_78' title='bbox 705 1373 847 1456; x_wconf 87' lang='lat' dir='ltr'><strong>spiritus,</strong></span> <span class='ocrx_word' id='word_1_79' title='bbox 871 1374 940 1458; x_wconf 90' lang='lat' dir='ltr'><strong>ipse</strong></span> <span class='ocrx_word' id='word_1_80' title='bbox 963 1378 1013 1440; x_wconf 89' lang='lat' dir='ltr'><strong>est</strong></span> <span class='ocrx_word' id='word_1_81' title='bbox 1027 1375 1123 1450; x_wconf 89' lang='lat' dir='ltr'><strong>Deus,</strong></span> <span class='ocrx_word' id='word_1_82' title='bbox 1144 1373 1275 1456; x_wconf 87' lang='lat' dir='ltr'><strong>spiritus</strong></span> 
     </span>
     <span class='ocr_line' id='line_1_10' title="bbox 128 1479 1275 1563; baseline 0.002 -19"><span class='ocrx_word' id='word_1_83' title='bbox 128 1480 240 1563; x_wconf 89' lang='lat' dir='ltr'><strong>ntique</strong></span> <span class='ocrx_word' id='word_1_84' title='bbox 267 1498 329 1544; x_wconf 89' lang='lat' dir='ltr'><strong>uon</strong></span> <span class='ocrx_word' id='word_1_85' title='bbox 357 1482 494 1544; x_wconf 84' lang='lat' dir='ltr'><strong>oreatus.</strong></span> <span class='ocrx_word' id='word_1_86' title='bbox 540 1480 575 1543; x_wconf 92' lang='lat' dir='ltr'><strong>In</strong></span> <span class='ocrx_word' id='word_1_87' title='bbox 605 1479 674 1544; x_wconf 84' lang='lat' dir='ltr'><strong>eius</strong></span> <span class='ocrx_word' id='word_1_88' title='bbox 702 1479 868 1546; x_wconf 89' lang='lat' dir='ltr'><strong>uoluntate</strong></span> <span class='ocrx_word' id='word_1_89' title='bbox 897 1499 1022 1546; x_wconf 87' lang='lat' dir='ltr'><strong>summa</strong></span> <span class='ocrx_word' id='word_1_90' title='bbox 1048 1483 1192 1563; x_wconf 87' lang='lat' dir='ltr'><strong>potestas</strong></span> <span class='ocrx_word' id='word_1_91' title='bbox 1215 1482 1275 1559; x_wconf 80' lang='lat' dir='ltr'><strong>est,</strong></span> 
     </span>
     <span class='ocr_line' id='line_1_11' title="bbox 89 1585 1276 1670; baseline 0.005 -24"><span class='ocrx_word' id='word_1_92' title='bbox 89 1607 112 1646; x_wconf 85' lang='lat' dir='ltr'><strong>ro</strong></span> <span class='ocrx_word' id='word_1_93' title='bbox 130 1605 210 1670; x_wconf 83' lang='lat' dir='ltr'><strong>quae</strong></span> <span class='ocrx_word' id='word_1_94' title='bbox 244 1589 420 1652; x_wconf 79' lang='lat' dir='ltr'><strong>creatorum</strong></span> <span class='ocrx_word' id='word_1_95' title='bbox 453 1585 622 1669; x_wconf 83' lang='lat' dir='ltr'><strong>spirituum</strong></span> <span class='ocrx_word' id='word_1_96' title='bbox 655 1587 753 1652; x_wconf 88' lang='lat' dir='ltr'><strong>bonas</strong></span> <span class='ocrx_word' id='word_1_97' title='bbox 785 1587 969 1652; x_wconf 89' lang='lat' dir='ltr'><strong>uoluntates</strong></span> <span class='ocrx_word' id='word_1_98' title='bbox 1002 1587 1142 1663; x_wconf 89' lang='lat' dir='ltr'><strong>adiuuat,</strong></span> <span class='ocrx_word' id='word_1_99' title='bbox 1175 1587 1276 1652; x_wconf 86' lang='lat' dir='ltr'><strong>malas</strong></span> 
     </span>
     <span class='ocr_line' id='line_1_12' title="bbox 128 1693 1278 1777; baseline 0.003 -21"><span class='ocrx_word' id='word_1_100' title='bbox 128 1693 260 1770; x_wconf 79' lang='lat' dir='ltr'><strong>iudicat,</strong></span> <span class='ocrx_word' id='word_1_101' title='bbox 294 1711 402 1758; x_wconf 87' lang='lat' dir='ltr'><strong>omnes</strong></span> <span class='ocrx_word' id='word_1_102' title='bbox 427 1693 549 1758; x_wconf 89' lang='lat' dir='ltr'><strong>ordinat</strong></span> <span class='ocrx_word' id='word_1_103' title='bbox 577 1696 609 1758; x_wconf 89' lang='lat' dir='ltr'><strong>et</strong></span> <span class='ocrx_word' id='word_1_104' title='bbox 632 1693 823 1776; x_wconf 87' lang='lat' dir='ltr'><strong>quibusdam</strong></span> <span class='ocrx_word' id='word_1_105' title='bbox 850 1693 964 1759; x_wconf 83' lang='lat' dir='ltr'><strong>tribuit</strong></span> <span class='ocrx_word' id='word_1_106' title='bbox 990 1697 1177 1777; x_wconf 76' lang='lat' dir='ltr'>potestates,</span> <span class='ocrx_word' id='word_1_107' title='bbox 1210 1693 1278 1775; x_wconf 92' lang='lat' dir='ltr'><strong>qui-</strong></span> 
     </span>
     <span class='ocr_line' id='line_1_13' title="bbox 130 1799 1276 1882; baseline 0 -18"><span class='ocrx_word' id='word_1_108' title='bbox 130 1799 264 1864; x_wconf 86' lang='lat' dir='ltr'><strong>busdam</strong></span> <span class='ocrx_word' id='word_1_109' title='bbox 288 1818 349 1864; x_wconf 93' lang='lat' dir='ltr'><strong>non</strong></span> <span class='ocrx_word' id='word_1_110' title='bbox 372 1799 494 1865; x_wconf 85' lang='lat' dir='ltr'><strong>tribuit.</strong></span> <span class='ocrx_word' id='word_1_111' title='bbox 542 1799 634 1865; x_wconf 85' lang='lat' dir='ltr'><strong>Siout</strong></span> <span class='ocrx_word' id='word_1_112' title='bbox 661 1799 743 1865; x_wconf 90' lang='lat' dir='ltr'><strong>enim</strong></span> <span class='ocrx_word' id='word_1_113' title='bbox 772 1800 913 1882; x_wconf 84' lang='lat' dir='ltr'><strong>omniurn</strong></span> <span class='ocrx_word' id='word_1_114' title='bbox 941 1803 1125 1866; x_wconf 86' lang='lat' dir='ltr'><strong>naturarum</strong></span> <span class='ocrx_word' id='word_1_115' title='bbox 1154 1803 1276 1865; x_wconf 88' lang='lat' dir='ltr'><strong>creator</strong></span> 
     </span>
     <span class='ocr_line' id='line_1_14' title="bbox 131 1906 1277 1990; baseline 0.002 -20"><span class='ocrx_word' id='word_1_116' title='bbox 131 1910 188 1983; x_wconf 84' lang='lat' dir='ltr'><strong>est,</strong></span> <span class='ocrx_word' id='word_1_117' title='bbox 220 1907 267 1970; x_wconf 91' lang='lat' dir='ltr'><strong>ita</strong></span> <span class='ocrx_word' id='word_1_118' title='bbox 300 1906 440 1971; x_wconf 87' lang='lat' dir='ltr'><strong>omniurn</strong></span> <span class='ocrx_word' id='word_1_119' title='bbox 468 1909 666 1990; x_wconf 76' lang='lat' dir='ltr'><strong>potestatum</strong></span> <span class='ocrx_word' id='word_1_120' title='bbox 690 1906 789 1983; x_wconf 82' lang='lat' dir='ltr'><strong>dator,</strong></span> <span class='ocrx_word' id='word_1_121' title='bbox 823 1927 884 1972; x_wconf 91' lang='lat' dir='ltr'><strong>uon</strong></span> <span class='ocrx_word' id='word_1_122' title='bbox 912 1906 1125 1972; x_wconf 87' lang='lat' dir='ltr'><strong>uoluutntum.</strong></span> <span class='ocrx_word' id='word_1_123' title='bbox 1172 1907 1277 1972; x_wconf 87' lang='lat' dir='ltr'><strong>Malae</strong></span> 
     </span>
     <span class='ocr_line' id='line_1_15' title="bbox 132 2013 1276 2096; baseline 0.003 -20"><span class='ocrx_word' id='word_1_124' title='bbox 132 2013 247 2096; x_wconf 84' lang='lat' dir='ltr'><strong>quippe</strong></span> <span class='ocrx_word' id='word_1_125' title='bbox 270 2013 454 2078; x_wconf 86' lang='lat' dir='ltr'><strong>uoluntates</strong></span> <span class='ocrx_word' id='word_1_126' title='bbox 478 2015 516 2078; x_wconf 90' lang='lat' dir='ltr'><strong>ab</strong></span> <span class='ocrx_word' id='word_1_127' title='bbox 540 2014 596 2078; x_wconf 95' lang='lat' dir='ltr'><strong>illo</strong></span> <span class='ocrx_word' id='word_1_128' title='bbox 621 2031 681 2078; x_wconf 91' lang='lat' dir='ltr'><strong>uon</strong></span> <span class='ocrx_word' id='word_1_129' title='bbox 707 2016 793 2092; x_wconf 83' lang='lat' dir='ltr'><strong>sunt,</strong></span> <span class='ocrx_word' id='word_1_130' title='bbox 828 2015 976 2096; x_wconf 87' lang='lat' dir='ltr'><strong>quoniam</strong></span> <span class='ocrx_word' id='word_1_131' title='bbox 1001 2018 1110 2080; x_wconf 89' lang='lat' dir='ltr'><strong>eontra</strong></span> <span class='ocrx_word' id='word_1_132' title='bbox 1131 2017 1276 2080; x_wconf 84' lang='lat' dir='ltr'><strong>naturam</strong></span> 
     </span>
     <span class='ocr_line' id='line_1_16' title="bbox 91 2119 1277 2206; baseline 0.007 -28"><span class='ocrx_word' id='word_1_133' title='bbox 91 2141 115 2180; x_wconf 82' lang='grc' dir='ltr'><strong>ιε</strong></span> <span class='ocrx_word' id='word_1_134' title='bbox 133 2123 215 2194; x_wconf 83' lang='lat' dir='ltr'><strong>sunt,</strong></span> <span class='ocrx_word' id='word_1_135' title='bbox 239 2139 319 2202; x_wconf 85' lang='lat' dir='ltr'><strong>quae</strong></span> <span class='ocrx_word' id='word_1_136' title='bbox 344 2121 382 2184; x_wconf 87' lang='lat' dir='ltr'><strong>ab</strong></span> <span class='ocrx_word' id='word_1_137' title='bbox 406 2119 461 2185; x_wconf 94' lang='lat' dir='ltr'><strong>illo</strong></span> <span class='ocrx_word' id='word_1_138' title='bbox 487 2123 546 2184; x_wconf 89' lang='lat' dir='ltr'><strong>est.</strong></span> <span class='ocrx_word' id='word_1_139' title='bbox 572 2119 710 2203; x_wconf 81' lang='lat' dir='ltr'><strong>Corpora</strong></span> <span class='ocrx_word' id='word_1_140' title='bbox 731 2119 831 2204; x_wconf 81' lang='lat' dir='ltr'><strong>igitur</strong></span> <span class='ocrx_word' id='word_1_141' title='bbox 854 2121 956 2206; x_wconf 82' lang='lat' dir='ltr'><strong>magis</strong></span> <span class='ocrx_word' id='word_1_142' title='bbox 981 2121 1147 2186; x_wconf 84' lang='lat' dir='ltr'><strong>subiacent</strong></span> <span class='ocrx_word' id='word_1_143' title='bbox 1166 2121 1277 2186; x_wconf 92' lang='lat' dir='ltr'><strong>uolun-</strong></span> 
     </span>
     <span class='ocr_line' id='line_1_17' title="bbox 132 2226 1275 2310; baseline 0.002 -20"><span class='ocrx_word' id='word_1_144' title='bbox 132 2228 262 2303; x_wconf 82' lang='lat' dir='ltr'><strong>tatibus,</strong></span> <span class='ocrx_word' id='word_1_145' title='bbox 296 2227 449 2310; x_wconf 86' lang='lat' dir='ltr'><strong>quaedam</strong></span> <span class='ocrx_word' id='word_1_146' title='bbox 471 2227 600 2306; x_wconf 87' lang='lat' dir='ltr'><strong>uostris,</strong></span> <span class='ocrx_word' id='word_1_147' title='bbox 631 2226 665 2291; x_wconf 90' lang='lat' dir='ltr'><strong>id</strong></span> <span class='ocrx_word' id='word_1_148' title='bbox 689 2230 739 2292; x_wconf 86' lang='lat' dir='ltr'><strong>est</strong></span> <span class='ocrx_word' id='word_1_149' title='bbox 762 2227 903 2292; x_wconf 84' lang='lat' dir='ltr'><strong>omniurn</strong></span> <span class='ocrx_word' id='word_1_150' title='bbox 933 2229 1137 2293; x_wconf 86' lang='lat' dir='ltr'><strong>animantium</strong></span> <span class='ocrx_word' id='word_1_151' title='bbox 1162 2231 1275 2292; x_wconf 87' lang='lat' dir='ltr'><strong>morta·</strong></span> 
     </span>
     <span class='ocr_line' id='line_1_18' title="bbox 132 2333 1277 2418; baseline 0.001 -21"><span class='ocrx_word' id='word_1_152' title='bbox 132 2333 209 2397; x_wconf 90' lang='lat' dir='ltr'><strong>lium</strong></span> <span class='ocrx_word' id='word_1_153' title='bbox 229 2338 261 2399; x_wconf 85' lang='lat' dir='ltr'><strong>et</strong></span> <span class='ocrx_word' id='word_1_154' title='bbox 279 2333 383 2418; x_wconf 86' lang='lat' dir='ltr'><strong>magis</strong></span> <span class='ocrx_word' id='word_1_155' title='bbox 402 2333 566 2398; x_wconf 90' lang='lat' dir='ltr'><strong>homiuum</strong></span> <span class='ocrx_word' id='word_1_156' title='bbox 585 2352 680 2416; x_wconf 88' lang='lat' dir='ltr'><strong>quam</strong></span> <span class='ocrx_word' id='word_1_157' title='bbox 699 2333 889 2408; x_wconf 69' lang='lat' dir='ltr'><strong>bestiarum</strong></span> <span class='ocrx_word' id='word_1_158' title='bbox 915 2334 1069 2416; x_wconf 85' lang='lat' dir='ltr'><strong>quaedam</strong></span> <span class='ocrx_word' id='word_1_159' title='bbox 1088 2353 1164 2399; x_wconf 90' lang='lat' dir='ltr'><strong>uero</strong></span> <span class='ocrx_word' id='word_1_160' title='bbox 1184 2352 1277 2418; x_wconf 85' lang='lat' dir='ltr'><strong>ange-</strong></span> 
     </span>
     <span class='ocr_line' id='line_1_19' title="bbox 132 2439 1278 2516; baseline -0.001 -12"><span class='ocrx_word' id='word_1_161' title='bbox 132 2439 248 2514; x_wconf 79' lang='lat' dir='ltr'><strong>lorum3</strong></span> <span class='ocrx_word' id='word_1_162' title='bbox 287 2439 343 2505; x_wconf 87' lang='lat' dir='ltr'><strong>sed</strong></span> <span class='ocrx_word' id='word_1_163' title='bbox 376 2441 481 2504; x_wconf 89' lang='lat' dir='ltr'><strong>omnia</strong></span> <span class='ocrx_word' id='word_1_164' title='bbox 512 2441 646 2506; x_wconf 85' lang='lat' dir='ltr'><strong>maxime</strong></span> <span class='ocrx_word' id='word_1_165' title='bbox 670 2439 729 2506; x_wconf 92' lang='lat' dir='ltr'><strong>Dei</strong></span> <span class='ocrx_word' id='word_1_166' title='bbox 758 2441 918 2505; x_wconf 89' lang='lat' dir='ltr'><strong>uoluntati</strong></span> <span class='ocrx_word' id='word_1_167' title='bbox 946 2440 1076 2506; x_wconf 90' lang='lat' dir='ltr'><strong>subdita</strong></span> <span class='ocrx_word' id='word_1_168' title='bbox 1103 2443 1187 2516; x_wconf 81' lang='lat' dir='ltr'><strong>sunt,</strong></span> <span class='ocrx_word' id='word_1_169' title='bbox 1225 2440 1278 2504; x_wconf 89' lang='lat' dir='ltr'><strong>eui</strong></span> 
     </span>
     <span class='ocr_line' id='line_1_20' title="bbox 135 2545 1277 2630; baseline 0.003 -21"><span class='ocrx_word' id='word_1_170' title='bbox 135 2547 229 2610; x_wconf 87' lang='lat' dir='ltr'><strong>etium</strong></span> <span class='ocrx_word' id='word_1_171' title='bbox 252 2545 435 2611; x_wconf 84' lang='lat' dir='ltr'><strong>uoluntates</strong></span> <span class='ocrx_word' id='word_1_172' title='bbox 469 2565 576 2611; x_wconf 90' lang='lat' dir='ltr'><strong>omnes</strong></span> <span class='ocrx_word' id='word_1_173' title='bbox 611 2546 822 2628; x_wconf 81' lang='lat' dir='ltr'><strong>subiciuntur,</strong></span> <span class='ocrx_word' id='word_1_174' title='bbox 862 2547 936 2630; x_wconf 87' lang='lat' dir='ltr'><strong>quia</strong></span> <span class='ocrx_word' id='word_1_175' title='bbox 963 2566 1023 2612; x_wconf 93' lang='lat' dir='ltr'><strong>non</strong></span> <span class='ocrx_word' id='word_1_176' title='bbox 1052 2546 1169 2612; x_wconf 91' lang='lat' dir='ltr'><strong>habent</strong></span> <span class='ocrx_word' id='word_1_177' title='bbox 1191 2551 1277 2630; x_wconf 88' lang='lat' dir='ltr'><strong>pote-</strong></span> 
     </span>
     <span class='ocr_line' id='line_1_21' title="bbox 91 2652 1277 2736; baseline 0.005 -24"><span class='ocrx_word' id='word_1_178' title='bbox 91 2671 117 2712; x_wconf 83' lang='lat' dir='ltr'><strong>ao</strong></span> <span class='ocrx_word' id='word_1_179' title='bbox 135 2655 248 2717; x_wconf 88' lang='lat' dir='ltr'><strong>statem</strong></span> <span class='ocrx_word' id='word_1_180' title='bbox 272 2653 334 2718; x_wconf 90' lang='lat' dir='ltr'><strong>nisi</strong></span> <span class='ocrx_word' id='word_1_181' title='bbox 359 2673 453 2736; x_wconf 90' lang='lat' dir='ltr'><strong>quam</strong></span> <span class='ocrx_word' id='word_1_182' title='bbox 484 2653 540 2717; x_wconf 92' lang='lat' dir='ltr'><strong>ille</strong></span> <span class='ocrx_word' id='word_1_183' title='bbox 573 2652 726 2719; x_wconf 86' lang='lat' dir='ltr'><strong>coneedit.</strong></span> <span class='ocrx_word' id='word_1_184' title='bbox 774 2652 877 2719; x_wconf 82' lang='lat' dir='ltr'><strong>Causa</strong></span> <span class='ocrx_word' id='word_1_185' title='bbox 909 2653 1018 2736; x_wconf 85' lang='lat' dir='ltr'><strong>itaque</strong></span> <span class='ocrx_word' id='word_1_186' title='bbox 1044 2673 1160 2731; x_wconf 81' lang='lat' dir='ltr'><strong>rorum,</strong></span> <span class='ocrx_word' id='word_1_187' title='bbox 1196 2671 1277 2735; x_wconf 86' lang='lat' dir='ltr'><strong>quae</strong></span> 
     </span>
     <span class='ocr_line' id='line_1_22' title="bbox 133 2757 1278 2836; baseline 0 -14"><span class='ocrx_word' id='word_1_188' title='bbox 133 2758 208 2822; x_wconf 81' lang='lat' dir='ltr'><strong>iacit</strong></span> <span class='ocrx_word' id='word_1_189' title='bbox 230 2777 288 2822; x_wconf 88' lang='lat' dir='ltr'><strong>neo</strong></span> <span class='ocrx_word' id='word_1_190' title='bbox 310 2758 356 2836; x_wconf 86' lang='lat' dir='ltr'><strong>lit,</strong></span> <span class='ocrx_word' id='word_1_191' title='bbox 380 2758 467 2823; x_wconf 86' lang='lat' dir='ltr'><strong>Deus</strong></span> <span class='ocrx_word' id='word_1_192' title='bbox 492 2761 555 2832; x_wconf 69' lang='lat' dir='ltr'><strong>esta</strong></span> <span class='ocrx_word' id='word_1_193' title='bbox 594 2757 674 2822; x_wconf 86' lang='lat' dir='ltr'><strong>aliae</strong></span> <span class='ocrx_word' id='word_1_194' title='bbox 697 2777 772 2823; x_wconf 89' lang='lat' dir='ltr'><strong>uero</strong></span> <span class='ocrx_word' id='word_1_195' title='bbox 797 2777 911 2823; x_wconf 87' lang='lat' dir='ltr'><strong>oausae</strong></span> <span class='ocrx_word' id='word_1_196' title='bbox 934 2759 967 2823; x_wconf 85' lang='lat' dir='ltr'><strong>et</strong></span> <span class='ocrx_word' id='word_1_197' title='bbox 988 2758 1110 2823; x_wconf 81' lang='lat' dir='ltr'><strong>faciunt</strong></span> <span class='ocrx_word' id='word_1_198' title='bbox 1133 2761 1165 2823; x_wconf 90' lang='lat' dir='ltr'><strong>et</strong></span> <span class='ocrx_word' id='word_1_199' title='bbox 1186 2757 1278 2836; x_wconf 81' lang='lat' dir='ltr'><strong>fiunt,</strong></span> 
     </span>
     <span class='ocr_line' id='line_1_23' title="bbox 134 2864 1277 2949; baseline 0.001 -20"><span class='ocrx_word' id='word_1_200' title='bbox 134 2867 217 2931; x_wconf 91' lang='lat' dir='ltr'><strong>siout</strong></span> <span class='ocrx_word' id='word_1_201' title='bbox 240 2869 316 2930; x_wconf 89' lang='lat' dir='ltr'><strong>suut</strong></span> <span class='ocrx_word' id='word_1_202' title='bbox 339 2885 446 2930; x_wconf 90' lang='lat' dir='ltr'><strong>omnes</strong></span> <span class='ocrx_word' id='word_1_203' title='bbox 476 2865 571 2930; x_wconf 84' lang='lat' dir='ltr'><strong>creati</strong></span> <span class='ocrx_word' id='word_1_204' title='bbox 601 2864 744 2949; x_wconf 80' lang='lat' dir='ltr'><strong>spiritus,</strong></span> <span class='ocrx_word' id='word_1_205' title='bbox 778 2865 912 2929; x_wconf 83' lang='lat' dir='ltr'><strong>maxime</strong></span> <span class='ocrx_word' id='word_1_206' title='bbox 935 2864 1115 2932; x_wconf 88' lang='lat' dir='ltr'><strong>rationales.</strong></span> <span class='ocrx_word' id='word_1_207' title='bbox 1163 2864 1277 2947; x_wconf 85' lang='lat' dir='ltr'><strong>Corpo-</strong></span> 
     </span>
     <span class='ocr_line' id='line_1_24' title="bbox 132 2971 1279 3055; baseline -0.002 -18"><span class='ocrx_word' id='word_1_208' title='bbox 132 2974 213 3037; x_wconf 86' lang='lat' dir='ltr'><strong>rales</strong></span> <span class='ocrx_word' id='word_1_209' title='bbox 238 2976 344 3037; x_wconf 83' lang='lat' dir='ltr'><strong>eutem</strong></span> <span class='ocrx_word' id='word_1_210' title='bbox 369 2991 492 3048; x_wconf 82' lang='lat' dir='ltr'><strong>causae,</strong></span> <span class='ocrx_word' id='word_1_211' title='bbox 518 2991 598 3054; x_wconf 90' lang='lat' dir='ltr'><strong>quae</strong></span> <span class='ocrx_word' id='word_1_212' title='bbox 622 2971 726 3055; x_wconf 85' lang='lat' dir='ltr'><strong>magis</strong></span> <span class='ocrx_word' id='word_1_213' title='bbox 750 2971 831 3036; x_wconf 88' lang='lat' dir='ltr'><strong>liunt</strong></span> <span class='ocrx_word' id='word_1_214' title='bbox 854 2991 948 3054; x_wconf 88' lang='lat' dir='ltr'><strong>quarn</strong></span> <span class='ocrx_word' id='word_1_215' title='bbox 968 2971 1098 3048; x_wconf 86' lang='lat' dir='ltr'><strong>faciunt,</strong></span> <span class='ocrx_word' id='word_1_216' title='bbox 1122 2991 1182 3036; x_wconf 90' lang='lat' dir='ltr'><strong>nou</strong></span> <span class='ocrx_word' id='word_1_217' title='bbox 1203 2975 1279 3036; x_wconf 88' lang='lat' dir='ltr'><strong>sunt</strong></span> 
     </span>
     <span class='ocr_line' id='line_1_25' title="bbox 132 3077 1277 3161; baseline 0 -19"><span class='ocrx_word' id='word_1_218' title='bbox 132 3081 213 3144; x_wconf 90' lang='lat' dir='ltr'><strong>inter</strong></span> <span class='ocrx_word' id='word_1_219' title='bbox 235 3097 349 3144; x_wconf 88' lang='lat' dir='ltr'><strong>oausas</strong></span> <span class='ocrx_word' id='word_1_220' title='bbox 373 3077 545 3144; x_wconf 81' lang='lat' dir='ltr'><strong>efficientes</strong></span> <span class='ocrx_word' id='word_1_221' title='bbox 570 3078 830 3154; x_wconf 82' lang='lat' dir='ltr'><strong>adnumerandus,</strong></span> <span class='ocrx_word' id='word_1_222' title='bbox 865 3079 1015 3161; x_wconf 86' lang='lat' dir='ltr'><strong>quoniam</strong></span> <span class='ocrx_word' id='word_1_223' title='bbox 1043 3078 1103 3143; x_wconf 89' lang='lat' dir='ltr'><strong>hoo</strong></span> <span class='ocrx_word' id='word_1_224' title='bbox 1129 3081 1277 3160; x_wconf 81' lang='lat' dir='ltr'><strong>possunt,</strong></span> 
     </span>
     <span class='ocr_line' id='line_1_26' title="bbox 93 3182 1280 3268; baseline -0.003 -17"><span class='ocrx_word' id='word_1_225' title='bbox 93 3203 118 3243; x_wconf 83' lang='lat'><strong>2⁵</strong></span> <span class='ocrx_word' id='word_1_226' title='bbox 135 3186 218 3268; x_wconf 86' lang='lat' dir='ltr'><strong>quod</strong></span> <span class='ocrx_word' id='word_1_227' title='bbox 241 3205 277 3250; x_wconf 80' lang='lat' dir='ltr'><strong>er</strong></span> <span class='ocrx_word' id='word_1_228' title='bbox 300 3185 380 3268; x_wconf 85' lang='lat' dir='ltr'><strong>ipsis</strong></span> <span class='ocrx_word' id='word_1_229' title='bbox 403 3185 525 3250; x_wconf 83' lang='lat' dir='ltr'><strong>faciunt</strong></span> <span class='ocrx_word' id='word_1_230' title='bbox 549 3185 720 3268; x_wconf 88' lang='lat' dir='ltr'><strong>spirituum</strong></span> <span class='ocrx_word' id='word_1_231' title='bbox 744 3186 937 3250; x_wconf 85' lang='lat' dir='ltr'><strong>uoluntates.</strong></span> <span class='ocrx_word' id='word_1_232' title='bbox 968 3182 1037 3263; x_wconf 81' lang='lat' dir='ltr'><strong>Quo</strong></span> <span class='ocrx_word' id='word_1_233' title='bbox 1061 3184 1155 3250; x_wconf 88' lang='lat' dir='ltr'><strong>modo</strong></span> <span class='ocrx_word' id='word_1_234' title='bbox 1178 3185 1280 3268; x_wconf 85' lang='lat' dir='ltr'><strong>igitur</strong></span> 
     </span>
     <span class='ocr_line' id='line_1_27' title="bbox 134 3291 1278 3375; baseline -0.002 -17"><span class='ocrx_word' id='word_1_235' title='bbox 134 3293 206 3358; x_wconf 89' lang='lat' dir='ltr'><strong>ordo</strong></span> <span class='ocrx_word' id='word_1_236' title='bbox 232 3311 411 3368; x_wconf 85' lang='lat' dir='ltr'><strong>causarum,</strong></span> <span class='ocrx_word' id='word_1_237' title='bbox 445 3293 499 3373; x_wconf 93' lang='lat' dir='ltr'><strong>qui</strong></span> <span class='ocrx_word' id='word_1_238' title='bbox 522 3291 710 3375; x_wconf 86' lang='lat' dir='ltr'><strong>praescienti</strong></span> <span class='ocrx_word' id='word_1_239' title='bbox 735 3297 840 3358; x_wconf 90' lang='lat' dir='ltr'><strong>oertus</strong></span> <span class='ocrx_word' id='word_1_240' title='bbox 865 3296 914 3356; x_wconf 88' lang='lat' dir='ltr'><strong>est</strong></span> <span class='ocrx_word' id='word_1_241' title='bbox 937 3293 1015 3370; x_wconf 84' lang='lat' dir='ltr'><strong>Deo,</strong></span> <span class='ocrx_word' id='word_1_242' title='bbox 1048 3291 1081 3356; x_wconf 85' lang='lat' dir='ltr'><strong>id</strong></span> <span class='ocrx_word' id='word_1_243' title='bbox 1105 3291 1213 3367; x_wconf 78' lang='lat' dir='ltr'><strong>estoit,</strong></span> <span class='ocrx_word' id='word_1_244' title='bbox 1241 3295 1278 3356; x_wconf 91' lang='lat' dir='ltr'><strong>ut</strong></span> 
     </span>
     <span class='ocr_line' id='line_1_28' title="bbox 133 3398 1278 3483; baseline 0 -20"><span class='ocrx_word' id='word_1_245' title='bbox 133 3399 211 3464; x_wconf 91' lang='lat' dir='ltr'><strong>nihil</strong></span> <span class='ocrx_word' id='word_1_246' title='bbox 244 3399 343 3464; x_wconf 88' lang='lat' dir='ltr'><strong>sitin</strong></span> <span class='ocrx_word' id='word_1_247' title='bbox 372 3403 480 3464; x_wconf 89' lang='lat' dir='ltr'><strong>nostra</strong></span> <span class='ocrx_word' id='word_1_248' title='bbox 507 3399 683 3476; x_wconf 87' lang='lat' dir='ltr'><strong>uoluntate,</strong></span> <span class='ocrx_word' id='word_1_249' title='bbox 717 3417 790 3464; x_wconf 87' lang='lat' dir='ltr'><strong>oum</strong></span> <span class='ocrx_word' id='word_1_250' title='bbox 819 3399 949 3483; x_wconf 84' lang='lat' dir='ltr'><strong>inipso</strong></span> <span class='ocrx_word' id='word_1_251' title='bbox 978 3417 1145 3464; x_wconf 84' lang='lat' dir='ltr'><strong>causarum</strong></span> <span class='ocrx_word' id='word_1_252' title='bbox 1171 3398 1278 3463; x_wconf 87' lang='lat' dir='ltr'><strong>ordine</strong></span> 
     </span>
     <span class='ocr_line' id='line_1_29' title="bbox 133 3505 1277 3590; baseline 0 -20"><span class='ocrx_word' id='word_1_253' title='bbox 133 3525 284 3590; x_wconf 81' lang='lat' dir='ltr'><strong>inagnum</strong></span> <span class='ocrx_word' id='word_1_254' title='bbox 308 3505 444 3570; x_wconf 87' lang='lat' dir='ltr'><strong>habeant</strong></span> <span class='ocrx_word' id='word_1_255' title='bbox 465 3506 572 3570; x_wconf 87' lang='lat' dir='ltr'><strong>loounr</strong></span> <span class='ocrx_word' id='word_1_256' title='bbox 601 3509 727 3570; x_wconf 87' lang='lat' dir='ltr'><strong>nostrae</strong></span> <span class='ocrx_word' id='word_1_257' title='bbox 751 3506 956 3570; x_wconf 80' lang='lat' dir='ltr'><strong>uoluntates?</strong></span> <span class='ocrx_word' id='word_1_258' title='bbox 1004 3505 1179 3571; x_wconf 83' lang='lat' dir='ltr'><strong>Contendat</strong></span> <span class='ocrx_word' id='word_1_259' title='bbox 1202 3523 1277 3590; x_wconf 85' lang='lat' dir='ltr'><strong>ergo</strong></span> 
     </span>
     <span class='ocr_line' id='line_1_30' title="bbox 135 3611 1279 3695; baseline -0.003 -17"><span class='ocrx_word' id='word_1_260' title='bbox 135 3611 241 3678; x_wconf 78' lang='lat' dir='ltr'><strong>Cicero</strong></span> <span class='ocrx_word' id='word_1_261' title='bbox 266 3631 340 3677; x_wconf 88' lang='lat' dir='ltr'><strong>oum</strong></span> <span class='ocrx_word' id='word_1_262' title='bbox 363 3612 420 3688; x_wconf 77' lang='lat' dir='ltr'><strong>eis,</strong></span> <span class='ocrx_word' id='word_1_263' title='bbox 455 3612 506 3695; x_wconf 92' lang='lat' dir='ltr'><strong>qui</strong></span> <span class='ocrx_word' id='word_1_264' title='bbox 532 3612 615 3677; x_wconf 89' lang='lat' dir='ltr'><strong>huno</strong></span> <span class='ocrx_word' id='word_1_265' title='bbox 640 3631 806 3678; x_wconf 84' lang='lat' dir='ltr'><strong>causarum</strong></span> <span class='ocrx_word' id='word_1_266' title='bbox 836 3611 975 3678; x_wconf 88' lang='lat' dir='ltr'><strong>ordinem</strong></span> <span class='ocrx_word' id='word_1_267' title='bbox 1001 3612 1111 3676; x_wconf 86' lang='lat' dir='ltr'><strong>dieunt</strong></span> <span class='ocrx_word' id='word_1_268' title='bbox 1141 3630 1211 3676; x_wconf 89' lang='lat' dir='ltr'><strong>esse</strong></span> <span class='ocrx_word' id='word_1_269' title='bbox 1234 3611 1279 3674; x_wconf 86' lang='lat' dir='ltr'><strong>ia-</strong></span> 
     </span>
     <span class='ocr_line' id='line_1_31' title="bbox 94 3717 1279 3803; baseline -0.001 -21"><span class='ocrx_word' id='word_1_270' title='bbox 94 3737 118 3776; x_wconf 83' lang='lat' dir='ltr'><strong>oo</strong></span> <span class='ocrx_word' id='word_1_271' title='bbox 133 3720 230 3784; x_wconf 89' lang='lat' dir='ltr'><strong>talem</strong></span> <span class='ocrx_word' id='word_1_272' title='bbox 248 3719 303 3784; x_wconf 92' lang='lat' dir='ltr'><strong>uel</strong></span> <span class='ocrx_word' id='word_1_273' title='bbox 320 3719 428 3802; x_wconf 90' lang='lat' dir='ltr'><strong>potius</strong></span> <span class='ocrx_word' id='word_1_274' title='bbox 447 3719 553 3802; x_wconf 87' lang='lat' dir='ltr'><strong>ipsum</strong></span> <span class='ocrx_word' id='word_1_275' title='bbox 573 3719 630 3784; x_wconf 85' lang='lat' dir='ltr'><strong>fati</strong></span> <span class='ocrx_word' id='word_1_276' title='bbox 649 3719 774 3784; x_wconf 90' lang='lat' dir='ltr'><strong>nomine</strong></span> <span class='ocrx_word' id='word_1_277' title='bbox 795 3719 963 3803; x_wconf 84' lang='lat' dir='ltr'><strong>appellant,</strong></span> <span class='ocrx_word' id='word_1_278' title='bbox 989 3718 1073 3801; x_wconf 88' lang='lat' dir='ltr'><strong>quod</strong></span> <span class='ocrx_word' id='word_1_279' title='bbox 1092 3737 1148 3784; x_wconf 89' lang='lat' dir='ltr'><strong>uos</strong></span> <span class='ocrx_word' id='word_1_280' title='bbox 1169 3717 1279 3782; x_wconf 87' lang='lat' dir='ltr'><strong>abhor-</strong></span> 
     </span>
    </p>
   </div>
   <div class='ocr_carea' id='block_1_3' title="bbox 171 4037 1279 4144">
    <p class='ocr_par' dir='ltr' id='par_1_3' title="bbox 171 4037 1279 4144">
     <span class='ocr_line' id='line_1_32' title="bbox 171 4037 1279 4112; baseline -0.005 -16"><span class='ocrx_word' id='word_1_281' title='bbox 171 4045 182 4096; x_wconf 94' lang='lat'>1</span> <span class='ocrx_word' id='word_1_282' title='bbox 205 4059 308 4112; x_wconf 88' lang='lat' dir='ltr'><strong>quos..</strong></span> <span class='ocrx_word' id='word_1_283' title='bbox 320 4057 385 4095; x_wconf 80' lang='lat' dir='ltr'><strong>¹seu</strong></span> <span class='ocrx_word' id='word_1_284' title='bbox 404 4041 535 4094; x_wconf 85' lang='lat' dir='ltr'><strong>malorum</strong></span> <span class='ocrx_word' id='word_1_285' title='bbox 554 4057 623 4094; x_wconf 81' lang='lat' dir='ltr'><strong>corr.</strong></span> <span class='ocrx_word' id='word_1_286' title='bbox 643 4057 730 4094; x_wconf 79' lang='lat' dir='ltr'><strong>monn</strong></span> <span class='ocrx_word' id='word_1_287' title='bbox 748 4041 779 4094; x_wconf 81' lang='lat' dir='ltr'><strong>in</strong></span> <span class='ocrx_word' id='word_1_288' title='bbox 797 4041 921 4110; x_wconf 70' lang='lat' dir='ltr'><strong>marpissa</strong></span> <span class='ocrx_word' id='word_1_289' title='bbox 935 4041 1026 4108; x_wconf 60' lang='lat' dir='ltr'><strong>insen,</strong></span> <span class='ocrx_word' id='word_1_290' title='bbox 1042 4039 1057 4092; x_wconf 84' lang='lat' dir='ltr'><strong><em>b</em></strong></span> <span class='ocrx_word' id='word_1_291' title='bbox 1112 4040 1128 4094; x_wconf 85' lang='lat'>2</span> <span class='ocrx_word' id='word_1_292' title='bbox 1148 4041 1176 4093; x_wconf 90' lang='lat' dir='ltr'><strong>et</strong></span> <span class='ocrx_word' id='word_1_293' title='bbox 1193 4037 1279 4092; x_wconf 88' lang='lat' dir='ltr'><strong>bono·</strong></span> 
     </span>
     <span class='ocr_line' id='line_1_33' title="bbox 892 4121 903 4144; baseline 0 0"><span class='ocrx_word' id='word_1_294' title='bbox 892 4121 903 4144; x_wconf 81' lang='lat' dir='ltr'><strong>u</strong></span> 
     </span>
    </p>
   </div>
   <div class='ocr_carea' id='block_1_4' title="bbox 135 4155 1279 4402">
    <p class='ocr_par' dir='ltr' id='par_1_4' title="bbox 135 4155 1279 4402">
     <span class='ocr_line' id='line_1_34' title="bbox 135 4155 1279 4225; baseline -0.002 -15"><span class='ocrx_word' id='word_1_295' title='bbox 135 4173 191 4211; x_wconf 89' lang='lat' dir='ltr'><strong>runn</strong></span> <span class='ocrx_word' id='word_1_296' title='bbox 209 4174 288 4225; x_wconf 81' lang='lat' dir='ltr'><strong>arsa.,·</strong></span> <span class='ocrx_word' id='word_1_297' title='bbox 305 4159 334 4211; x_wconf 90' lang='lat' dir='ltr'><strong>et</strong></span> <span class='ocrx_word' id='word_1_298' title='bbox 352 4173 437 4211; x_wconf 68' lang='grc' dir='ltr'><strong>σθεν</strong></span> <span class='ocrx_word' id='word_1_299' title='bbox 499 4157 579 4220; x_wconf 69' lang='lat' dir='ltr'><strong>leet</strong></span> <span class='ocrx_word' id='word_1_300' title='bbox 597 4155 761 4210; x_wconf 80' lang='lat' dir='ltr'><strong>omniurnO</strong></span> <span class='ocrx_word' id='word_1_301' title='bbox 813 4155 1022 4210; x_wconf 79' lang='lat' dir='ltr'><strong>5seueutus0</strong></span> <span class='ocrx_word' id='word_1_302' title='bbox 1077 4156 1279 4224; x_wconf 70' lang='lat' dir='ltr'><strong>ioreatorque</strong></span> 
     </span>
     <span class='ocr_line' id='line_1_35' title="bbox 137 4242 1279 4316; baseline -0.003 -16"><span class='ocrx_word' id='word_1_303' title='bbox 137 4261 186 4315; x_wconf 90' lang='lat' dir='ltr'><strong>que</strong></span> <span class='ocrx_word' id='word_1_304' title='bbox 204 4263 264 4316; x_wconf 81' lang='lat' dir='ltr'><strong>sup.</strong></span> <span class='ocrx_word' id='word_1_305' title='bbox 285 4245 377 4303; x_wconf 59' lang='lat' dir='ltr'><strong>lino</strong></span> <span class='ocrx_word' id='word_1_306' title='bbox 427 4245 503 4315; x_wconf 88' lang='lat' dir='ltr'><strong>8et]</strong></span> <span class='ocrx_word' id='word_1_307' title='bbox 523 4248 586 4298; x_wconf 86' lang='lat' dir='ltr'><strong>ute</strong></span> <span class='ocrx_word' id='word_1_308' title='bbox 641 4245 674 4299; x_wconf 89' lang='lat'><strong>10</strong></span> <span class='ocrx_word' id='word_1_309' title='bbox 692 4244 756 4298; x_wconf 91' lang='lat' dir='ltr'><strong>bon.</strong></span> <span class='ocrx_word' id='word_1_310' title='bbox 775 4244 881 4298; x_wconf 89' lang='lat' dir='ltr'><strong>uolunt.</strong></span> <span class='ocrx_word' id='word_1_311' title='bbox 901 4244 994 4311; x_wconf 49' lang='lat' dir='ltr'><strong>condo</strong></span> <span class='ocrx_word' id='word_1_312' title='bbox 1011 4245 1065 4298; x_wconf 94' lang='lat' dir='ltr'><strong>uol.</strong></span> <span class='ocrx_word' id='word_1_313' title='bbox 1084 4243 1176 4298; x_wconf 77' lang='lat' dir='ltr'><strong>bono</strong></span> <span class='ocrx_word' id='word_1_314' title='bbox 1231 4242 1279 4297; x_wconf 77' lang='lat' dir='ltr'><strong>erl·</strong></span> 
     </span>
     <span class='ocr_line' id='line_1_36' title="bbox 136 4331 1198 4402; baseline -0.001 -15"><span class='ocrx_word' id='word_1_315' title='bbox 136 4334 288 4389; x_wconf 82' lang='lat' dir='ltr'><strong>iubstLA</strong></span> <span class='ocrx_word' id='word_1_316' title='bbox 345 4335 377 4389; x_wconf 87' lang='grc'><strong>17</strong></span> <span class='ocrx_word' id='word_1_317' title='bbox 397 4334 544 4388; x_wconf 88' lang='lat' dir='ltr'><strong>uestiarunr</strong></span> <span class='ocrx_word' id='word_1_318' title='bbox 563 4333 622 4388; x_wconf 77' lang='lat' dir='ltr'><strong>Ln</strong></span> <span class='ocrx_word' id='word_1_319' title='bbox 677 4333 953 4390; x_wconf 64' lang='lat' dir='ltr'><strong>uehementem</strong></span> <span class='ocrx_word' id='word_1_320' title='bbox 1006 4334 1040 4387; x_wconf 82' lang='lat'><strong>29</strong></span> <span class='ocrx_word' id='word_1_321' title='bbox 1060 4349 1141 4402; x_wconf 88' lang='lat' dir='ltr'><strong>quum</strong></span> <span class='ocrx_word' id='word_1_322' title='bbox 1160 4331 1198 4386; x_wconf 87' lang='lat' dir='ltr'><strong>L¹</strong></span> 
     </span>
    </p>
   </div>
   <div class='ocr_carea' id='block_1_5' title="bbox 1195 4437 1243 4490">
    <p class='ocr_par' dir='ltr' id='par_1_5' title="bbox 1195 4437 1243 4490">
     <span class='ocr_line' id='line_1_37' title="bbox 1195 4437 1243 4490; baseline -0.021 0"><span class='ocrx_word' id='word_1_323' title='bbox 1195 4437 1243 4490; x_wconf 79' lang='lat'><strong>15*</strong></span> 
     </span>
    </p>
   </div>
   <div class='ocr_carea' id='block_1_6' title="bbox 0 0 1546 4930">
    <p class='ocr_par' dir='ltr' id='par_1_6' title="bbox 0 0 1546 4930">
     <span class='ocr_line' id='line_1_38' title="bbox 0 0 1546 4930; baseline 0 0"><span class='ocrx_word' id='word_1_324' title='bbox 0 0 1546 4930; x_wconf 95' lang='lat' dir='ltr'><strong> </strong></span> 
     </span>
    </p>
   </div>
  </div>
 </body>
</html>
