3136 4928
388 475 434 530 De
462 477 636 530 ciuitate
665 476 725 530 dei
753 477 817 534 lib.
846 478 891 532 xl.
920 495 995 548 cap.
1022 480 1062 533 14.
1233 485 1297 547 533

144 689 237 732 suarn
257 671 413 752 quandam
432 672 591 754 propriam
609 675 771 754 tamquam
791 691 827 736 ex
843 673 976 740 aduerso
993 675 1129 757 quedam
1142 676 1297 758 principio

146 774 292 841 diabolus
320 777 435 842 habeat
462 781 607 842 naturam
635 778 725 854 maIi;
756 780 810 861 qui
838 783 927 844 tanta
954 781 1096 846 uanitate
1125 782 1297 865 desipiunt,

145 886 192 959 ut,
213 901 285 946 eum
305 883 403 947 uerba
420 883 484 947 ista
502 884 685 968 euangelica
705 884 736 949 in
757 885 946 950 auctoritate
965 887 1132 952 nobiseum
1151 887 1298 966 habeant,

145 1006 206 1051 non
231 987 402 1053 adtendant
426 1009 486 1054 non
511 989 628 1054 dixisse
653 990 839 1054 Dominum:
864 990 890 1054 A
914 992 1050 1056 ueritate
1074 993 1196 1057 alienus
1220 993 1297 1072 iuit3

115 1094 216 1158 ased:
246 1096 288 1158 ln
313 1095 493 1160 ueritate
517 1115 592 1161 non
617 1097 751 1174 stetit,
775 1097 830 1161 ubi
856 1117 874 1160 a
897 1098 1032 1162 ueritate
1055 1099 1181 1181 lapsum
1206 1098 1297 1164 intei-

144 1201 210 1285 legi
237 1201 349 1279 unluit,
378 1201 409 1264 in
440 1221 501 1284 qua
529 1203 641 1286 utique
671 1205 698 1267 si
728 1204 882 1280 stetisset,
907 1204 975 1268 eius
1004 1206 1163 1289 particeps
1192 1205 1297 1270 fartus

145 1306 259 1372 beatus
284 1327 356 1371 eum
381 1309 498 1373 sanetis
523 1309 645 1393 angelis
670 1313 876 1393 permaneret.

588 1501 724 1568 CAPUT
748 1503 849 1568 XIIII.

204 1640 286 1720 Quo
312 1661 459 1726 genere
483 1642 713 1709 locutionis
738 1645 890 1710 dictum
915 1645 971 1709 sit
994 1645 1038 1710 de
1064 1645 1237 1724 diabolo,

103 1773 127 1810 ιο
233 1747 335 1830 quod
359 1749 397 1812 in
422 1749 602 1814 ueritate
627 1770 700 1815 non
726 1752 907 1829 steterit,
933 1752 1027 1835 quia
1051 1753 1206 1817 ueritas

571 1876 645 1920 non
671 1861 734 1922 est
755 1857 794 1921 in
820 1877 871 1924 eo.

190 1995 336 2060 Subiecit
364 2000 471 2062 autem
499 1997 664 2075 indicium,
689 2000 779 2079 quasi
808 2000 1058 2082 quaesissemus,
1082 1999 1165 2064 unde
1194 2005 1298 2064 osten-

146 2103 250 2180 datur,
279 2103 363 2185 quod
396 2104 426 2168 iu
455 2105 590 2168 ueritate
618 2123 679 2169 non
709 2106 843 2183 steterit,
868 2106 969 2189 adque
998 2107 1059 2170 ait:
1094 2106 1194 2185 Quia
1223 2127 1296 2172 non

146 2212 209 2274 est
235 2210 393 2274 ueritas
421 2211 459 2274 in
485 2229 538 2274 eo.
575 2211 671 2277 Esset
693 2216 800 2276 eutem
824 2213 855 2276 in
881 2231 928 2288 en,
954 2212 981 2276 si
1004 2213 1035 2274 in
1061 2213 1117 2276 illa
1140 2213 1296 2277 stetisset.

102 2341 128 2382 ιο
145 2317 321 2382 Locutione
345 2320 451 2380 autem
476 2317 598 2382 dictum
623 2322 673 2382 est
695 2318 801 2383 minus
826 2318 956 2384 usitata.
986 2317 1038 2383 Sia
1063 2319 1143 2382 enim
1170 2319 1298 2384 uidetur

147 2442 276 2488 sonare:
307 2421 350 2486 In
374 2425 554 2488 ueritate
579 2443 653 2489 non
678 2426 812 2502 stetit,
837 2425 931 2507 quia
954 2425 1110 2489 ueritas
1135 2445 1209 2490 uon
1235 2430 1298 2490 est

145 2529 185 2592 in
219 2549 273 2606 eo,
302 2531 464 2610 tamquam
498 2548 535 2594 ea
566 2529 609 2593 sit
642 2548 748 2608 eausa,
777 2534 813 2595 ut
845 2531 876 2593 in
905 2529 1040 2594 ueritate
1070 2549 1131 2594 non
1160 2532 1295 2606 steterit,

148 2635 234 2718 quod
256 2635 288 2698 in
313 2654 348 2698 eo
373 2635 491 2700 ueritas
515 2656 576 2701 non
607 2638 662 2712 sit;
695 2656 768 2702 eum
796 2638 903 2718 potius
933 2655 970 2700 ea
997 2637 1040 2702 sit
1068 2641 1236 2714 causant
1263 2638 1294 2700 in

146 2761 183 2806 eo
212 2743 331 2806 ueritas
360 2761 422 2806 non
450 2741 502 2818 sit,
527 2743 611 2823 quod
639 2744 671 2807 in
700 2744 834 2808 ueritate
862 2763 923 2807 nou
948 2744 1049 2808 stetit.
1085 2743 1153 2808 Ista
1174 2743 1294 2808 locutio

101 2853 198 2914 nest
230 2852 262 2911 et
292 2848 325 2911 iu
358 2849 495 2930 psalmo:
530 2849 611 2933 Ego
646 2849 833 2926 alamani,
868 2850 1054 2932 queniam
1088 2849 1295 2914 exaudIsti

146 2975 203 3019 me
241 2956 364 3030 Deus;
403 2975 474 3020 eum
514 2956 682 3020 dicendum
719 2957 820 3021 fuisse
853 2956 1012 3020 uideatur:
1050 2954 1216 3020 Exaudisti
1244 2975 1294 3020 me

147 3063 244 3139 Dens,
269 3064 417 3146 quoniam
446 3064 591 3129 alamani.
631 3063 694 3128 Sed
717 3083 789 3129 cum
815 3063 960 3128 dixisset:
984 3063 1074 3147 ‘Ego
1099 3061 1294 3140 alamani',

144 3171 307 3250 tamquam
341 3170 379 3233 ab
413 3187 449 3234 eo
484 3174 695 3252 quaereretur,
725 3170 807 3234 unde
842 3189 875 3234 se
908 3170 1062 3234 clamasse
1094 3172 1294 3246 monstraret,

146 3275 184 3339 ab
218 3277 333 3340 effectu
366 3275 576 3340 exauditionis
605 3277 664 3340 Dei
697 3277 844 3342 clamoris
877 3276 928 3340 sui
961 3275 1099 3340 ostendit
1131 3275 1293 3350 affectum

101 3405 127 3446 aa
145 3385 306 3466 tamquam
336 3383 468 3447 diceret:
492 3383 585 3448 ‘Hinc
613 3384 744 3448 ostende
769 3383 924 3448 clamasse
947 3401 1009 3460 me,
1033 3381 1181 3464 quoniam
1205 3401 1295 3446 exau-

146 3490 222 3554 disti
245 3491 318 3553 me'

235 3733 270 3787 20
289 3733 332 3786 Ps.
357 3735 399 3792 16.
419 3735 434 3786 6

183 3909 361 3976 Itemquam
380 3913 463 3962 om.t
539 3905 761 3959 ameliorare
835 3904 910 3974 3ut]
932 3908 989 3958 ett
1060 3904 1293 3970 4udtendunt,u

143 4014 178 4049 m.
199 3999 257 4062 2,t
313 3997 346 4049 10
365 3997 445 4048 sterit
468 3995 516 4060 V¹,·
535 3995 649 4062 stetitq
705 3995 738 4048 15
756 3993 975 4063 loquutionemt
1037 3995 1070 4047 16
1089 4009 1142 4046 non
1162 3997 1203 4046 est
1222 3993 1293 4046 ueri·

144 4089 223 4138 teau
297 4084 329 4136 18
353 4085 396 4152 eo]
418 4101 448 4138 en
473 4082 506 4135 1⁷¹
598 4098 657 4135 cunr
669 4121 782 4136 .......
792 4081 902 4134 nonsit
921 4097 972 4135 om.
991 4079 1041 4134 Ν,
1094 4082 1126 4134 19
1150 4081 1292 4134 steteritv

143 4175 176 4226 21
197 4173 304 4237 suisset,
319 4177 331 4226 t
345 4173 459 4242 punctu
478 4172 600 4232 deletum,
626 4171 652 4222 V
703 4169 882 4224 medactum
907 4169 932 4218 V
