3136 4928
411 447 462 500 De
492 447 667 502 cinitete
696 446 758 502 dei
785 448 850 502 lib.
879 448 926 504 XI.
956 465 1030 519 cap.
1054 451 1080 503 4.
1254 453 1318 517 515

168 661 228 706 sua
255 641 322 706 sinc
350 642 486 726 strepitu
514 643 602 708 intus
627 645 760 708 enarrat.
784 643 972 725 Loquuntnr
995 642 1040 707 eis
1065 662 1191 726 quoque
1214 644 1318 729 angeli

164 748 239 820 Dei,
273 748 327 832 qui
364 767 489 830 semper
525 748 636 814 uident
673 748 786 814 facicm
818 749 922 813 Patris
954 749 1216 832 uoluntatcmqoe
1248 751 1317 816 eius

169 854 286 937 quibus
319 859 443 938 oportet
475 855 670 922 adnuntiant.
708 855 753 920 Ex
781 855 831 920 his
860 875 942 920 unus
972 860 1038 920 erat
1064 856 1127 921 isto
1154 857 1317 940 propheta,

168 961 224 1045 qui
252 961 330 1027 dixit
357 969 390 1027 et
417 961 560 1045 scripsit:
588 961 630 1026 In
659 961 865 1044 principio
893 963 996 1028 facit
1024 963 1131 1029 Deus
1161 963 1317 1030 caelum

137 1072 208 1133 eet
243 1071 402 1134 terram.
445 1067 507 1147 Qui
543 1073 608 1134 tam
646 1069 780 1134 idoneus
813 1069 907 1134 testis
940 1073 1000 1148 est,
1034 1089 1088 1152 por
1121 1088 1216 1152 quem
1249 1070 1316 1136 Deo

168 1175 358 1240 erodendum
387 1175 439 1251 sit,
463 1177 501 1240 ut
528 1176 639 1240 eodem
668 1175 781 1259 spiritu
806 1175 875 1254 Dei,
901 1194 962 1259 qno
991 1176 1069 1241 haec
1093 1176 1154 1240 sibi
1176 1177 1317 1242 reuoluta

166 1282 329 1367 cognonit,
362 1281 458 1346 etiam
494 1281 597 1365 ipsam
634 1281 728 1346 fidem
766 1286 906 1347 nostram
943 1282 1083 1348 futuram
1118 1285 1208 1348 tanto
1245 1286 1317 1348 ante

167 1388 363 1471 praedixerit.

212 1493 274 1559 Sed
298 1494 372 1578 quid
396 1494 517 1578 placuit
539 1497 665 1560 aeterno
686 1495 752 1558 Deo
776 1498 853 1560 tuno
872 1493 975 1560 facere
995 1495 1118 1560 caelum
1139 1498 1171 1560 ct
1188 1497 1315 1574 terram,

125 1627 151 1666 no
168 1619 247 1684 quae
277 1604 369 1668 antea
396 1620 456 1667 non
485 1601 635 1667 fecisset?
673 1601 735 1681 Qui
758 1601 819 1666 hoc
843 1601 963 1678 dicunt,
988 1601 1016 1666 si
1039 1601 1195 1666 mnndum
1218 1605 1316 1666 acter-

166 1727 243 1772 num
268 1707 335 1772 sine
357 1709 425 1774 ullo
448 1706 540 1774 initio
564 1711 597 1773 et
619 1707 690 1774 ideo
715 1727 771 1773 nco
796 1708 900 1773 aDeo
924 1707 1045 1774 factum
1068 1709 1171 1774 uideri
1190 1708 1315 1787 uolunt,

166 1814 261 1880 nimis
293 1815 398 1880 auersi
432 1819 507 1880 sunt
539 1834 557 1879 a
589 1815 723 1880 ueritate
757 1819 790 1879 et
820 1815 909 1879 letali
938 1815 1048 1880 morbo
1080 1815 1243 1899 inpietatis
1269 1817 1315 1880 in-

166 1921 303 1987 saniunt.
322 1922 470 2005 Exceptis
485 1923 568 1987 enim
582 1922 777 2006 propheticis
797 1921 931 1987 uocibus
952 1922 1089 1987 mundus
1108 1921 1176 2006 ipso
1196 1923 1316 1988 ordina·
1429 1943 1431 1948 ’

165 2028 292 2093 tissima
319 2047 378 2093 sua
403 2028 618 2092 mutabilitate
648 2030 680 2092 et
707 2027 885 2092 mobilitate
914 2031 947 2092 et
972 2027 1149 2092 nisibilium
1173 2028 1315 2094 omnium

122 2161 148 2198 15
166 2133 378 2216 pulcherrima
405 2135 510 2218 specie
538 2134 674 2217 quodam
703 2134 797 2200 modo
825 2135 943 2199 tacitus
973 2138 1005 2199 ct
1031 2134 1152 2200 sectum
1180 2153 1215 2200 se
1244 2153 1315 2202 esse

167 2249 199 2304 et
226 2259 287 2306 non
315 2241 378 2306 nisi
405 2260 424 2305 a
450 2241 517 2306 Dec
545 2240 746 2306 ineffabiliter
775 2241 876 2323 adque
904 2240 1109 2306 inuisibilitcu
1136 2260 1250 2326 magno
1284 2246 1315 2306 et

164 2347 366 2412 ineffabiliter
389 2347 491 2431 adque
523 2347 730 2412 inuisibiliter
756 2347 887 2430 pulchro
915 2345 983 2411 fieri
1012 2367 1045 2412 se
1072 2348 1217 2430 potuisse
1244 2367 1315 2431 pro-

165 2453 291 2519 clamet
317 2452 378 2532 Qui
401 2457 507 2520 autom
532 2455 635 2519 aDeo
660 2453 788 2538 quidem
809 2454 930 2518 iactum
954 2455 1104 2530 fatentur,
1124 2472 1184 2518 non
1207 2459 1313 2519 tamen

165 2579 238 2625 eum
261 2561 413 2644 temporis
441 2560 555 2627 uolunt
582 2561 697 2626 habere
726 2560 782 2626 sed
810 2579 886 2624 suaa
916 2561 1083 2626 creationis
1109 2560 1249 2638 initium,
1277 2566 1315 2626 ut

120 2693 146 2733 ao
164 2667 258 2732 modo
288 2667 426 2749 quodam
454 2667 508 2732 uix
530 2666 733 2750 intellegibili
757 2685 882 2750 sempor
909 2667 953 2730 sit
975 2667 1090 2744 factus,
1115 2665 1224 2731 dicunt
1247 2667 1313 2750 qui-

164 2773 236 2838 dem
260 2773 392 2856 aliquid,
415 2773 498 2838 unde
521 2773 582 2838 eibi
607 2774 710 2837 Deum
733 2773 884 2837 uidentur
906 2771 998 2837 uelut
1021 2791 1039 2836 a
1061 2771 1194 2836 fortuita
1215 2775 1314 2838 teme-

162 2880 256 2945 ritate
289 2879 466 2958 defendere,
493 2900 531 2944 nc
561 2879 668 2944 subito
696 2879 746 2944 illi
773 2879 900 2944 uenisse
929 2879 1076 2943 credatur
1102 2878 1134 2942 iu
1163 2881 1313 2958 mentem,

163 2987 248 3068 quod
275 3005 448 3070 numquam
481 2989 552 3051 ante
584 2985 736 3064 uenisset,
765 2985 867 3050 iacere
899 2986 1064 3066 mondum,
1094 2988 1126 3050 et
1158 2986 1314 3051 accidisse

161 3093 211 3157 illi
238 3111 354 3158 nouam
382 3093 590 3167 uoluntatem,
620 3111 693 3157 cnm
721 3093 753 3156 in
781 3092 868 3157 nullo
898 3093 941 3156 sit
973 3091 1098 3158 omnino
1131 3092 1312 3168 mutabilis;

118 3231 143 3270 n
163 3197 219 3263 sed
243 3220 302 3265 non
326 3200 420 3265 uideo
445 3219 507 3282 quc
531 3199 625 3264 modo
650 3200 695 3264 cie
719 3199 823 3282 possit
844 3199 876 3262 in
901 3199 1014 3264 ceteris
1037 3199 1131 3264 rebus
1150 3200 1230 3264 ratic
1249 3199 1313 3264 ista

161 3305 338 3370 subsistere
360 3306 557 3388 maximeque
581 3303 611 3368 in
638 3303 751 3380 anima,
772 3323 865 3387 qnam
891 3304 918 3370 si
937 3305 1004 3369 Deo
1025 3307 1221 3370 coaeternam
1240 3325 1311 3370 esse

161 3410 391 3488 contenderint,
416 3411 498 3476 unde
521 3411 570 3475 illi
594 3410 744 3476 acciderit
766 3431 849 3476 noua
873 3411 1010 3490 miseria,
1035 3431 1115 3494 quae
1138 3431 1310 3495 numquam

251 3663 336 3718 2Mt.
357 3663 398 3728 18,
420 3663 453 3718 10

198 3822 211 3875 1
234 3825 349 3876 errarint
369 3821 401 3874 V¹
458 3823 473 3877 3
494 3821 627 3892 quibusq,
648 3840 672 3892 q.
694 3823 798 3876 lineola
817 3827 979 3876 transuersa
999 3821 1122 3886 deletam,
1147 3821 1173 3875 V
1224 3823 1240 3876 6
1260 3821 1308 3892 sit]

161 3915 233 3966 cett
291 3909 393 3978 equid
411 3911 572 3964 correctoris
589 3897 677 3965 manu
694 3912 725 3963 ic
743 3927 829 3980 marq.
844 3928 866 3980 p
938 3910 997 3964 Deo
1017 3915 1162 3965 aeternos
1235 3910 1309 3980 tunc]

158 4003 307 4066 totumpt
376 3999 409 4052 10
429 4001 492 4052 anto
506 4015 529 4067 p
585 4000 615 4053 ll
637 3997 759 4052 uideret
816 3999 848 4052 15
868 4015 896 4051 se
916 4003 997 4051 om.t
1054 3999 1086 4052 16
1106 3997 1308 4067 magno...in·

159 4087 306 4140 nisibiliter
323 4103 383 4156 cup.
405 4087 454 4142 lia.
474 4087 500 4140 V
565 4087 597 4142 18
616 4087 745 4142 leteturt
814 4089 847 4142 19
867 4103 926 4144 eum
946 4103 996 4140 om.
1008 4092 1053 4155 pt
1124 4087 1222 4140 uolunt
1239 4089 1308 4140 tem·

158 4176 267 4245 porieo
339 4174 399 4244 scd]
421 4175 488 4228 ade
560 4177 636 4246 suae]
657 4178 746 4230 sinet
817 4181 849 4229 nt
868 4191 952 4230 ome
1007 4175 1043 4229 20
1062 4175 1178 4244 quodam
1195 4174 1309 4228 modos

159 4266 193 4318 23
212 4264 320 4318 uenisse
340 4263 375 4316 V¹
426 4265 461 4318 24
478 4281 577 4318 nouam
597 4265 650 4320 ool.
672 4265 771 4334 lpto,·
790 4265 843 4318 uol.
863 4281 925 4320 non.
940 4264 999 4318 rell.
1014 4281 1030 4317 o
1044 4263 1143 4318 Domb.
1195 4265 1229 4318 26
1249 4263 1307 4316 ani-

158 4369 229 4407 mam
249 4355 279 4408 lt
334 4355 367 4407 27
387 4353 537 4408 occiderint
562 4353 592 4402 1¹

1219 4455 1269 4513 33*
