3136 4934
280 411 345 474 404
625 406 651 460 S.
680 407 836 460 Aurelii
863 406 1080 476 Augustini

278 599 363 683 lapio
385 603 416 664 et
436 599 549 665 Graeci
568 603 600 664 et
618 599 722 664 Latini
741 600 801 664 hoo
821 600 904 664 idem
924 599 1081 676 sentiunt3
1105 599 1298 665 Mercurium
1319 606 1424 668 autem

280 708 376 772 multi
400 727 459 771 non
485 710 597 791 putant
624 707 724 772 fuisse
757 707 934 783 mortalem,
969 725 1064 789 quem
1096 711 1202 772 tamen
1235 708 1297 772 iste
1330 729 1424 774 auum

280 835 374 879 snum
391 815 491 878 luisse
506 817 652 879 testatur.
676 814 720 878 At
734 814 817 877 enim
833 814 915 878 alins
930 817 980 878 est
994 814 1060 892 ille,
1084 815 1167 879 alius
1187 815 1259 893 iste,
1279 818 1426 897 quamuis

281 922 391 986 eodem
416 921 542 985 nomine
566 923 797 1002 nuncupentur.
843 921 914 983 Nou
943 920 1080 984 multum
1110 939 1229 1004 pugno,
1263 923 1346 987 alins
1374 924 1425 988 ille

281 1029 333 1108 sit,
358 1029 439 1093 alius
463 1028 537 1101 iste;
571 1047 683 1091 uerum
708 1029 740 1091 et
763 1028 839 1102 iste3
874 1027 959 1091 sieut
981 1026 1202 1108 Aesculapius
1237 1046 1272 1092 er
1299 1029 1425 1094 homine
1453 1054 1464 1092 ι

281 1136 359 1200 deus
384 1135 558 1199 secundum
582 1133 801 1198 testimonium
824 1133 907 1197 tanti
931 1136 1008 1214 aput
1032 1152 1106 1198 suos
1135 1134 1205 1214 uiri,
1230 1135 1326 1199 huius
1345 1136 1426 1199 Tris-

281 1242 421 1326 megisti,
445 1241 569 1324 nepotis
594 1240 655 1305 sni.

325 1349 439 1413 Adhuc
468 1348 555 1413 addit
583 1352 615 1412 et
643 1347 733 1412 dicit:
767 1347 842 1410 ‘Isin
871 1366 947 1411 uero
972 1345 1072 1412 Osiris
1101 1366 1194 1429 quem
1223 1350 1424 1415 multabere

280 1459 438 1540 praestare
462 1455 642 1538 propitiam,
667 1455 793 1536 quantis
819 1455 930 1519 obesse
951 1455 1070 1518 scimus
1089 1455 1231 1519 irataml'
1250 1455 1371 1521 Deinde
1390 1459 1425 1520 ut

283 1561 464 1626 ostenderet
487 1579 522 1624 ex
545 1561 606 1624 hoc
635 1580 747 1645 genere
776 1580 845 1624 esse
870 1561 956 1638 deos,
991 1579 1070 1642 quos
1099 1561 1154 1626 illa
1182 1566 1249 1627 arte
1282 1563 1463 1627 hominess

281 1668 404 1734 faciunt
430 1667 527 1749 (unde
552 1669 606 1731 dat
632 1667 774 1750 intellegi
804 1667 971 1732 daemones
1001 1687 1035 1732 se
1059 1667 1178 1749 opinari
1204 1689 1239 1732 er
1262 1669 1422 1734 hominnm

282 1778 480 1839 mortuorum
504 1773 616 1837 animis
642 1774 792 1847 extitisse,
813 1793 892 1856 quos
917 1793 971 1858 per
995 1777 1104 1854 artem,
1126 1795 1220 1857 quam
1240 1776 1424 1842 inuenerunt

282 1881 426 1946 homines
450 1881 587 1945 multum
612 1883 761 1955 errantes,
795 1880 951 1944 inereduli
975 1885 1007 1944 et
1029 1881 1216 1965 inreligiosi,
1241 1882 1287 1947 ait
1310 1883 1422 1948 inditos

283 1987 472 2065 simulacris,
507 1987 580 2069 quia
611 1987 654 2062 hi,
689 1987 741 2068 qui
767 1989 847 2053 tales
872 1987 947 2052 deos
972 1988 1139 2065 faciebant,
1174 1990 1294 2054 enimus
1326 1991 1424 2055 faeere

283 2114 344 2159 uon
376 2095 484 2177 ntique
517 2094 685 2177 poterent),
719 2113 792 2158 curn
821 2094 858 2158 de
887 2095 970 2158 lside
1000 2094 1141 2172 dixisset,
1176 2097 1259 2178 qnod
1292 2115 1423 2161 comme·
1443 2119 1462 2156 e

282 2201 415 2278 morani,
449 2201 586 2284 ‘quantis
626 2201 737 2265 obesse
776 2201 895 2266 scimus
931 2203 1062 2278 iratam’,
1101 2207 1232 2267 secutus
1270 2203 1424 2268 adiunxit:

283 2308 435 2372 ‘Teneris
461 2308 575 2372 etenim
601 2308 649 2372 dis
674 2308 775 2389 adque
799 2308 968 2373 mundanis
991 2309 1085 2373 facile
1110 2313 1160 2374 est
1181 2309 1285 2386 irasci,
1317 2313 1424 2392 utpote

283 2415 337 2497 qui
362 2415 426 2478 sint
449 2416 487 2479 ab
512 2414 693 2479 homiuibus
719 2435 754 2478 er
779 2419 910 2497 utruque
934 2419 1046 2480 natura
1076 2416 1152 2480 facti
1186 2417 1288 2500 adque
1317 2435 1424 2499 conpo-

283 2523 361 2588 siti?
383 2523 437 2586 ‘Er
459 2525 593 2604 utraque
620 2523 743 2586 natura‘
765 2521 843 2586 dicit
875 2541 910 2586 er
944 2522 1049 2586 anima
1076 2524 1109 2586 et
1136 2541 1275 2606 corpore,
1309 2527 1347 2588 ut
1373 2542 1423 2605 pro

284 2629 388 2692 anima
420 2628 464 2692 sit
486 2627 629 2704 daemon,
663 2647 718 2710 pro
752 2647 881 2711 corpore
911 2629 1126 2694 simulacrum.
1160 2629 1261 2694 ‘Unde
1286 2629 1460 2714 conligite

283 2735 397 2816 inquit,
432 2734 470 2798 ab
494 2733 660 2818 Aegyptiis
684 2734 762 2798 haee
792 2739 901 2798 saneta
929 2735 1077 2799 animalia
1106 2736 1281 2819 nuncupari
1306 2736 1423 2817 colique

283 2861 339 2924 per
363 2841 505 2924 singulas
530 2841 677 2905 ciuitates
698 2860 807 2905 eorum
826 2842 957 2920 animas,
982 2861 1115 2925 quorum
1136 2847 1211 2907 sunt
1229 2845 1423 2907 consecratae

283 2949 441 3024 uiuentes,
465 2948 510 3012 ita
533 2952 572 3012 ut
595 2967 700 3012 eorum
725 2948 852 3032 legibus
872 2949 1052 3014 incolantur
1070 2952 1102 3014 et
1120 2968 1229 3014 eorum
1248 2949 1422 3013 nominibus

284 3056 528 3139 nuncupentur)
550 3054 613 3119 Ubi
637 3059 687 3119 est
709 3055 766 3119 illa
789 3057 880 3120 uelut
903 3058 1030 3138 querela
1053 3057 1212 3134 luctuosa,
1242 3056 1326 3138 quod
1349 3059 1423 3119 terra

283 3161 431 3246 Aegypti,
469 3162 671 3226 sanctissima
708 3161 799 3226 sedes
838 3161 1040 3226 delubromm
1083 3161 1184 3243 adque
1226 3162 1458 3244 templorumn

286 3269 500 3352 sepulcrorum
525 3269 634 3335 futura
662 3273 748 3332 esset
774 3273 1036 3350 mortuorumque
1060 3268 1265 3352 plenissima?
1307 3266 1421 3348 Nempe

213 3429 215 3434 .
286 3376 417 3458 spiritus
441 3376 545 3449 leller,
571 3376 661 3440 onius
686 3375 839 3439 instinctu
864 3376 999 3439 Hermes
1022 3377 1085 3440 ista
1109 3375 1243 3450 dicebat,
1273 3393 1328 3457 per
1355 3391 1420 3436 eum

285 3483 390 3564 ipsum
415 3487 543 3546 coactus
564 3486 613 3546 est
632 3483 773 3546 confiteri
792 3484 855 3547 iam
875 3486 950 3546 tune
969 3481 1056 3546 illam
1077 3487 1193 3546 terrem
1213 3481 1420 3565 sepulcromm

284 3593 316 3653 et
333 3594 539 3669 mortuorum,
565 3607 643 3671 quos
664 3609 719 3673 pro
740 3588 789 3652 dis
814 3589 970 3666 colebant,
994 3588 1093 3652 fnisse
1112 3588 1340 3670 plenissimam.
1364 3583 1420 3650 Sed

322 3841 401 3894 dest
419 3841 478 3902 iste,
500 3841 568 3894 elius
587 3842 666 3895 illes
727 3843 791 3894 oet
810 3858 894 3896 orne
954 3841 1131 3908 ttrimeg.e
1184 3841 1201 3894 8
1219 3841 1279 3910 ysin
1299 3838 1417 3906 o,·lrisiu

287 3965 319 4031 d;
337 3966 378 4018 sin
397 3981 410 4018 s
496 3965 595 4019 leidem
615 3983 678 4019 uero
698 3967 741 4031 pel
762 3966 840 4020 osiris
859 3983 891 4034 q,·
908 3967 950 4019 sin
969 3983 1032 4019 uero
1051 3966 1137 4027 isidis,
1156 3967 1188 4018 im
1206 3982 1291 4036 musy.
1311 3943 1419 4026 osirim

286 4071 394 4108 uxorem
414 4054 491 4107 osiris
512 4053 566 4108 a²o
636 4056 669 4109 14
688 4055 751 4123 quia
769 4055 797 4109 ui
816 4072 866 4108 om.
885 4071 899 4108 s
971 4055 1066 4124 utique
1084 4053 1171 4108 lacere
1191 4069 1277 4108 none
1343 4053 1371 4104 15
1389 4047 1418 4100 de

286 4141 371 4211 Iside]
392 4141 425 4196 de
444 4143 487 4196 his
505 4142 577 4195 idem
597 4144 607 4196 l
679 4149 900 4208 conunemorajns
920 4160 934 4196 e
990 4145 1021 4196 ll
1042 4145 1179 4196 terreuse
1232 4143 1267 4196 23
1285 4139 1379 4195 numiu.
1400 4135 1419 4188 C

287 4232 322 4283 24
350 4231 426 4284 uelut
444 4247 503 4298 serp.
525 4232 574 4284 lin.
593 4249 606 4285 e
714 4233 835 4302 querella
858 4233 889 4284 (2¹¹
901 4232 920 4286 1¹
927 4252 937 4298 ,·
955 4231 1070 4301 quorilla
1088 4231 1118 4284 d¹
1208 4231 1244 4284 27
1268 4231 1379 4284 extinctu
1399 4223 1419 4276 C

286 4319 327 4371 ita
349 4317 382 4370 0¹
436 4320 470 4371 28
490 4336 542 4386 quo
561 4321 674 4374 ectusd
