3072 4928
405 410 457 463 De
487 409 661 462 ciuitate
688 406 751 462 dei
779 406 845 461 lib.
873 405 909 460 11.
938 423 1013 477 cap.
1043 407 1085 462 26.
1256 407 1318 470 103

168 605 235 689 ipsi
264 603 443 682 daemones,
473 603 526 687 qni
555 623 589 668 se
617 603 751 668 huiusce
779 601 865 666 modi
897 601 1118 684 uoluptatibus
1151 601 1319 666 inmundos

168 732 244 777 esse
268 711 400 795 spiritus
426 710 626 789 confitentur,
646 709 700 792 qui
725 709 792 774 suis
815 707 947 792 flagitiis
972 711 1004 772 et
1026 707 1230 784 facinoribus,
1250 709 1320 772 siue

168 819 320 884 indicatis
349 819 419 884 siue
449 817 618 896 simulatis,
643 834 815 898 eorumque
839 815 900 880 sibi
924 814 1134 879 celebratione
1157 816 1258 898 petita
1281 815 1318 879 ab

168 925 410 1008 inpudentibus,
431 927 552 989 extorta
575 942 593 987 a
615 923 809 1006 pudentibus
833 925 979 987 auctores
1003 940 1037 985 se
1061 923 1146 986 uitae
1166 922 1320 986 scelestae

134 1030 406 1114 rinmundaeque
447 1033 616 1106 testantur,
653 1029 858 1112 perhibentur
898 1031 1002 1093 tamen
1042 1028 1074 1091 in
1113 1028 1215 1112 adytis
1253 1030 1319 1094 suis

169 1139 367 1220 secretisque
403 1137 617 1220 penetralibus
656 1136 730 1201 dare
768 1135 922 1219 quaedam
959 1134 1040 1200 bona
1076 1138 1244 1216 praecepta
1280 1136 1320 1200 de

168 1246 314 1310 moribus
343 1243 533 1327 quibusdam
561 1243 652 1308 uelut
680 1241 790 1308 electis
820 1241 951 1306 sacratis
979 1241 1069 1308 suis?
1107 1240 1200 1320 Quod
1225 1241 1251 1306 si
1274 1242 1320 1306 ita

169 1355 232 1432 est,
256 1353 316 1418 hoc
344 1351 414 1434 ipso
444 1351 587 1417 callidior
614 1349 806 1415 aduertenda
834 1353 884 1415 est
907 1353 938 1414 et
962 1347 1175 1414 conuincenda
1197 1349 1320 1414 malitia

169 1459 343 1541 spirituum
360 1458 533 1524 noxiorum.
552 1459 653 1522 Tanta
671 1459 754 1522 enim
773 1456 823 1521 uis
844 1461 893 1522 est
911 1456 1079 1538 probitatis
1100 1459 1132 1520 et
1151 1457 1319 1534 castitatis,

121 1595 148 1631 ro
170 1571 209 1630 ut
229 1566 331 1630 omnis
350 1566 404 1630 uel
422 1585 520 1646 paene
539 1566 641 1629 omnis
662 1567 730 1630 eius
748 1564 842 1630 laude
862 1567 1027 1628 moneatur
1046 1564 1182 1627 humana
1198 1565 1319 1642 natura,

168 1691 230 1736 nec
261 1691 363 1754 usque
396 1671 473 1736 adeo
506 1673 549 1735 sit
580 1670 777 1754 turpitudine
814 1671 942 1748 uitiosa,
974 1673 1012 1735 ut
1047 1672 1151 1734 totum
1190 1689 1319 1734 sensum

168 1777 349 1844 honestatis
374 1778 524 1843 amiserit.
549 1777 684 1842 Proinde
702 1778 883 1863 malignitas
903 1776 1102 1856 daemonum,
1122 1777 1184 1842 nisi
1203 1775 1320 1842 alieubi

169 1901 226 1960 sc,
255 1901 350 1966 quem
377 1882 417 1946 ad
449 1883 580 1948 modum
612 1885 766 1966 scriptum
797 1883 828 1946 in
863 1883 979 1948 nostris
1011 1882 1127 1948 litteris
1159 1883 1319 1959 nouimus,

168 1989 453 2073 transfiguret
490 1989 528 2054 in
562 1989 731 2073 angelos
768 1989 887 2069 lucis,
920 2009 980 2055 non
1018 1990 1119 2072 inplet
1154 1989 1319 2074 negotium

119 2125 148 2165 ro
169 2096 378 2179 deceptionis.
402 2095 493 2160 Foris
517 2095 624 2177 itaque
648 2095 775 2177 populis
800 2095 1002 2161 celeberrimo
1027 2098 1161 2178 strepitu
1183 2095 1318 2178 inpietas

167 2204 284 2286 inpura
320 2204 542 2278 circumsonat,
580 2205 613 2266 et
644 2202 730 2267 intus
761 2203 873 2285 paucis
910 2203 1041 2268 castitas
1078 2204 1230 2268 simulata
1267 2203 1319 2266 uin

169 2313 278 2386 sonat;
293 2309 482 2393 praebentur
492 2310 660 2392 propatula
675 2308 828 2392 pudendis
844 2312 876 2374 et
891 2313 1012 2375 secreta
1025 2309 1205 2381 laudandis:
1222 2309 1319 2374 decus

166 2417 252 2481 latet
280 2421 311 2480 et
339 2415 476 2481 dedecus
505 2419 607 2499 patet;
636 2416 721 2498 qnod
746 2417 865 2480 malum
891 2417 1010 2501 geritur
1033 2437 1141 2482 omnes
1167 2418 1320 2482 conuocat

170 2527 379 2607 spectatores,
399 2523 484 2606 qnod
507 2524 624 2588 bonum
650 2522 767 2588 dicitur
789 2523 842 2587 uin
866 2525 989 2607 aliquos
1008 2524 1129 2588 inuenit
1147 2523 1318 2599 auditores,

117 2659 149 2699 eo
169 2637 335 2712 tamquam
366 2630 502 2693 honesta
534 2629 745 2694 erubescenda
777 2631 842 2694 sint
873 2634 907 2695 et
941 2631 1108 2694 inhonesta
1145 2628 1318 2714 glorianda.

170 2736 234 2802 Sed
263 2735 318 2800 ubi
346 2736 406 2801 hoc
431 2735 492 2800 nisi
516 2736 546 2799 in
572 2736 759 2802 daemonnm
782 2737 935 2819 templis?
958 2737 1014 2802 ubi
1036 2736 1098 2801 nisi
1120 2735 1152 2800 in
1176 2735 1318 2800 fallaciae

169 2843 384 2908 deuersoriis?
425 2841 510 2907 Illud
539 2842 621 2907 enim
650 2841 696 2920 lit,
724 2848 762 2907 ut
788 2843 997 2920 honestiores,
1026 2843 1078 2926 qui
1111 2843 1205 2928 pauci
1234 2847 1319 2918 eunt,

170 2949 350 3032 capitatum
378 2949 439 3014 hoc
467 2952 585 3026 autem,
613 2969 651 3014 nc
678 2951 796 3032 plures,
825 2950 880 3033 qui
908 2955 983 3014 sunt
1008 2949 1197 3032 turpissimi,
1226 2948 1319 3014 corri-

169 3059 295 3141 gantur.

119 3194 149 3234 aa
215 3163 279 3229 Ubi
295 3165 327 3227 et
343 3162 467 3244 quando
483 3163 598 3229 sacrati
613 3163 767 3230 Caelestis
788 3164 957 3230 audiebant
970 3165 1127 3230 castitatis
1141 3167 1317 3247 praecepta,

169 3270 346 3344 nescimns;
376 3273 447 3334 ante
471 3270 577 3351 ipsum
601 3273 705 3335 tamen
729 3269 906 3348 delubrum,
930 3270 986 3335 ubi
1010 3271 1215 3336 simulacrum
1237 3269 1318 3335 illud

169 3376 311 3441 locatum
340 3377 626 3458 conspiciebamus,
650 3377 791 3442 uniuersi
818 3377 959 3460 undique
987 3378 1179 3443 confluentes
1209 3381 1240 3441 et
1263 3375 1318 3441 ubi

170 3483 306 3566 quisque
347 3487 472 3566 poterat
513 3487 634 3549 stantes
669 3483 764 3548 ludos
807 3484 861 3568 qui
905 3485 1079 3568 agebantur
1114 3482 1319 3548 intentissimi

262 3656 296 3710 14
315 3657 340 3711 2.
361 3657 420 3712 Cor.
442 3657 483 3722 11,
505 3659 538 3712 14

208 3763 323 3818 lbnins
341 3763 376 3818 Α1
431 3764 530 3834 2spir.
551 3779 644 3818 essee
700 3765 788 3819 3sibi
807 3781 840 3818 ec
858 3765 916 3819 siue
936 3769 1047 3820 corall
1120 3763 1153 3817 ab
1173 3762 1317 3832 inpruden-

169 3853 279 3906 tibusc
342 3852 411 3906 dab
431 3853 668 3924 impudentiburc
722 3857 925 3908 5tcstenture
997 3853 1101 3924 perhib.
1120 3869 1205 3908 om.c
1276 3854 1317 3906 in-

170 3935 244 4038 hyris
267 3967 291 4022 0
354 3967 371 4022 6
389 3967 603 4038 penetrabilibus
624 3969 648 4022 0
719 3971 850 4039 quaedam
870 3969 1047 4040 perhibentur
1065 3987 1078 4024 c
1146 3970 1263 4024 leceris
1285 3967 1317 4020 0¹

172 4057 207 4110 10
225 4055 388 4126 mouealtur,
407 4073 423 4110 n
440 4073 519 4124 erae,
536 4055 560 4110 0
614 4059 643 4112 11
665 4074 773 4112 sensum
787 4059 893 4112 honest.
909 4059 1029 4113 amiserit
1043 4057 1068 4110 L
1080 4059 1101 4111 h
1115 4059 1162 4126 Op
1174 4077 1191 4110 α
1204 4055 1319 4124 Domb.,·

171 4145 283 4199 amittat
301 4161 409 4199 sensum
427 4145 532 4200 honest.
553 4147 702 4215 abdeel·
715 4151 760 4212 fv
832 4148 865 4202 17
886 4151 1050 4217 praeuentnr
1068 4147 1126 4201 Lh
1199 4146 1233 4200 20
1258 4163 1317 4199 eru·

170 4233 307 4287 nascende
330 4231 402 4300 Lll,·
431 4234 543 4289 erubisc.
570 4233 594 4288 0
682 4237 715 4290 22
744 4235 905 4291 deuersoriis
931 4237 994 4304 cct-
1020 4237 1119 4292 diuers.
1142 4235 1202 4290 ΖΛ
1223 4236 1317 4291 celle

170 4322 207 4376 28
226 4320 380 4392 quceLh¹
453 4327 604 4394 agenantur
621 4324 647 4378 L
719 4325 900 4381 intentissime
920 4325 1003 4380 Lhe
