3136 4934
273 455 338 518 422
615 452 642 506 S.
670 452 830 506 Aurelii
858 451 1076 522 Augustini

274 649 359 711 siout
381 646 485 712 beluis
518 646 650 712 mortale
675 665 789 729 eorpus
814 651 873 712 est.
915 647 975 712 Isti
1005 650 1121 724 sutem,
1156 666 1236 731 quos
1259 647 1425 714 internos

274 756 305 818 et
320 754 395 818 deos
410 753 601 819 mediatores
617 754 708 818 nobis
722 755 904 838 philosophi
918 754 1134 837 prouiderunt,
1149 759 1285 839 possunt
1295 755 1425 836 quidem

274 859 377 924 dieere
402 860 439 924 de
464 861 567 924 animo
597 863 629 926 et
658 879 800 944 corpore:
833 861 967 926 altsmm
990 861 1080 926 nobis
1106 881 1179 926 oum
1202 861 1261 939 dis,
1286 862 1422 926 alterum

274 986 347 1032 enm
380 966 562 1032 hominibus
595 987 763 1032 commune
788 971 850 1046 est;
886 968 951 1049 sed,
985 968 1070 1032 siout
1093 967 1166 1048 dixi,
1199 971 1364 1050 tamquam
1390 969 1424 1034 in

273 1093 458 1156 pemersum
472 1075 564 1159 ligati
580 1075 682 1157 adque
697 1076 856 1158 suspensi,
877 1095 1006 1140 seruum
1022 1094 1135 1159 eorpus
1155 1093 1227 1140 oum
1244 1074 1293 1140 dis
1308 1075 1424 1140 beatis.
1455 1097 1468 1135 s
1554 1159 1555 1162 Ἴ

275 1179 437 1245 dominum
462 1181 601 1246 animum
625 1201 696 1247 eum
722 1182 904 1248 hominibus
929 1181 1054 1246 miseris
1077 1181 1240 1258 babentes,
1265 1182 1425 1264 partein.

274 1287 386 1351 feriore
420 1288 559 1366 exaltati,
599 1289 759 1372 superiore
793 1287 917 1353 deiecti.
964 1289 1055 1354 Unde
1093 1288 1218 1352 etiamsi
1252 1288 1422 1370 quisquam

274 1397 401 1477 propter
424 1395 483 1459 hoe
508 1415 561 1460 eos
585 1397 747 1478 putauerit
771 1395 988 1460 aeternitatem
1012 1394 1125 1460 habere
1154 1413 1226 1459 oum
1255 1394 1316 1472 dis,
1349 1396 1426 1476 quia

274 1501 497 1580 nullomodo,
532 1501 617 1566 siout
645 1501 829 1567 animalium
856 1502 1065 1580 terrestrium,
1099 1501 1195 1566 enimi
1225 1520 1332 1566 eorum
1359 1501 1423 1564 sol·
1554 1571 1555 1584 ζ

275 1611 395 1672 uuutur
418 1627 436 1670 a
460 1627 603 1691 corpore:
636 1627 693 1673 neo
727 1608 773 1673 sio
807 1607 1050 1673 existimandum
1085 1611 1135 1672 est
1164 1627 1273 1672 eorum
1306 1625 1423 1688 eorpus
1443 1629 1465 1666 ro
1554 1613 1555 1668 }

274 1719 437 1798 tamquam
455 1717 678 1780 honoratorum
703 1720 864 1780 aeternum
883 1715 1077 1794 uehiculum,
1098 1715 1152 1780 sed
1172 1717 1335 1779 aeternum
1353 1713 1423 1777 uin·

276 1825 383 1888 aulum
407 1823 637 1889 damnatorum.

750 2029 886 2096 CAPUT
910 2030 947 2094 X.

277 2173 388 2254 Quod
413 2174 632 2238 seeundum
657 2173 814 2238 Plotini
843 2174 1091 2239 sententiam
1118 2175 1250 2242 miuus
1280 2175 1420 2240 miseri
1554 2243 1555 2266 2

279 2281 362 2346 sint
390 2280 575 2346 homines
606 2281 643 2344 in
676 2299 843 2363 corpore
874 2280 1040 2344 mortali
1063 2299 1175 2363 quam
1205 2281 1419 2348 daemones
1441 2307 1464 2344 1⁵
1554 2325 1555 2378 i

731 2387 769 2451 in
794 2391 969 2452 aeterno.

320 2530 467 2595 Plotinns
501 2533 583 2595 certe
622 2532 747 2594 nostrae
779 2531 948 2594 memoriae
977 2530 1093 2604 uicinis,
1123 2530 1320 2614 temporibus
1353 2531 1424 2596 Pla·

276 2642 382 2701 tonem
415 2638 527 2702 ceteris
559 2635 762 2701 excellentius
792 2636 987 2702 intellexisse
1017 2636 1174 2704 laudatur.
1217 2638 1249 2703 Is
1280 2655 1353 2702 eum
1384 2638 1422 2702 de

276 2743 422 2808 humanis
447 2743 559 2807 animis
580 2745 699 2826 ageret:
719 2743 832 2821 ‘Pateu
855 2744 969 2826 inquit,
993 2743 1174 2808 misericors
1192 2744 1340 2810 mortalia
1357 2743 1422 2808 illis

276 2852 383 2916 uincla
405 2850 563 2916 faeiebat.²
584 2851 634 2915 lta
657 2851 717 2914 boo
740 2851 857 2932 ipsum,
886 2850 970 2933 quod
997 2849 1148 2915 mortales
1177 2853 1252 2916 sunt
1278 2851 1421 2916 homines
1439 2875 1465 2914 nr

278 2976 416 3040 corpore,
450 2957 489 3021 ad
512 2956 760 3022 misericordiam
784 2957 844 3022 Dei
867 2957 966 3040 patris
989 2956 1145 3038 pertinere
1169 2957 1340 3022 arbitratus
1363 2960 1421 3029 est,

277 3084 314 3128 ne
339 3083 464 3146 semper
485 3064 581 3128 huius
605 3064 692 3127 uitae
721 3063 849 3128 miseria
876 3067 1065 3128 tenerentur.
1107 3063 1177 3128 Hae
1205 3063 1422 3129 misericordia

276 3169 406 3254 indigua
422 3170 562 3235 iudicata
581 3173 631 3235 est
648 3171 799 3253 iniquitas
819 3171 1017 3248 daemonum,
1037 3189 1117 3253 quae
1136 3170 1167 3234 in
1187 3170 1284 3234 animi
1302 3171 1423 3252 passini

278 3276 406 3340 miseria
419 3296 480 3341 non
494 3277 628 3342 mortale
643 3278 729 3342 sieut
742 3277 896 3355 homines,
912 3277 967 3342 sed
982 3281 1145 3341 aeternum
1161 3295 1275 3359 corpus
1290 3277 1420 3359 aceepit.

370 3511 402 3564 19
422 3511 490 3564 nnn.
510 3509 577 3579 1111,
596 3511 620 3575 a,
641 3513 674 3564 12

316 3653 472 3726 lnosljlet
492 3655 580 3708 tribus
599 3655 685 3708 erosis
703 3654 855 3718 tetresse
908 3653 1219 3722 2prodideruntG²eb
1274 3651 1420 3707 3altsrum

277 3743 357 3796 nobis
378 3759 436 3796 cum
457 3743 498 3797 die
518 3759 587 3797 corr.
607 3761 641 3797 m.
660 3743 692 3798 in
710 3744 830 3812 morpb
898 3743 1180 3811 6dominum]d1hl
1250 3741 1356 3795 miseris
1373 3741 1420 3793 hs-

278 3832 374 3886 bentes
393 3849 477 3900 pev;
498 3831 632 3885 habentes
656 3848 706 3885 om.
729 3832 788 3885 rell.
812 3831 911 3884 Domb.
935 3831 1016 3900 (quid
1038 3847 1071 3884 eso
1092 3830 1185 3884 uerbis
1206 3829 1352 3898 Maduiys'i
1374 3828 1420 3884 Gr.

279 3925 348 3987 237,
366 3924 391 3984 6,
407 3920 446 3974 od
464 3937 534 3988 quoe
547 3919 646 3973 Domb.
655 3924 802 3986 prouocat,
818 3918 858 3972 ad
871 3919 1070 3986 defendendam
1084 3919 1311 3972 corsalmects'onsm
1325 3917 1420 3972 omisso

278 4009 411 4062 habentes
431 4009 524 4078 oedipi
538 4010 635 4077 possit,
655 4008 776 4076 equidem
793 4025 851 4062 non
867 4008 961 4074 uideo)
1017 4009 1031 4062 7
1052 4007 1159 4060 disiecti
1175 4008 1196 4073 1,·
1215 4005 1315 4061 deiecti
1334 4011 1420 4060 snnts

280 4100 295 4152 8
314 4099 408 4152 haece
482 4099 514 4150 14
533 4097 639 4167 platoni
657 4095 691 4163 0,·
710 4096 828 4165 platonis
839 4115 860 4166 p
935 4096 967 4148 15
987 4111 1097 4166 corpore
1116 4094 1234 4164 mortali]
1255 4095 1421 4165 corporalis*

282 4189 313 4240 16
334 4191 427 4240 aternu
437 4203 460 4254 p
516 4187 547 4240 17
568 4186 717 4256 protinusl
787 4186 956 4255 temporibus
975 4185 1098 4239 uiciniae
1169 4183 1298 4254 platonis.
1316 4185 1340 4237 is
1353 4186 1419 4236 m.2

279 4276 310 4326 in
329 4284 342 4328 e
363 4290 440 4338 corn,
463 4275 486 4327 0
558 4275 589 4328 19
613 4275 672 4327 mis.
692 4275 781 4342 inquit
800 4275 816 4326 b
888 4275 923 4328 20
946 4273 1036 4327 uinola
1058 4271 1419 4340 commurmurantes

279 4362 391 4432 ipsuds
