3094 4932
409 451 462 504 De
491 451 665 505 ciuitate
694 449 757 505 dei
785 451 852 506 lib.
880 451 902 506 I.
932 469 1006 524 cap.
1038 455 1078 508 15.
1279 457 1322 520 29

164 663 223 708 eos
247 645 408 709 iurauerat
431 644 544 720 facere,
564 665 646 711 nouo
673 665 708 710 ac
731 645 819 728 prius
843 647 985 711 inaudito
1009 647 1207 731 nimiumque
1226 650 1323 713 borri-

165 752 225 816 bili
250 751 400 834 supplicii
425 771 539 835 genere
563 753 722 817 cruciatus
747 754 904 818 extinctus
929 757 987 818 est.
1013 753 1046 820 Si
1067 757 1172 819 autem
1193 755 1322 820 deorum

165 859 277 923 cultus
305 861 379 940 post
410 857 491 922 hanc
523 859 623 922 uitam
656 860 748 924 uelut
778 859 955 924 mercedem
990 860 1094 924 reddit
1124 861 1321 940 felicitatem,

165 985 251 1048 quur
279 965 512 1030 calumniantur
539 965 735 1049 temporibus
760 965 958 1045 Christianis,
983 967 1054 1032 ideo
1080 968 1219 1033 dicentes
1244 969 1322 1035 Urbi

131 1072 326 1138 reccidisse
354 1073 443 1136 illam
472 1072 696 1148 calamitatem,
727 1074 800 1154 quia
833 1072 909 1139 deos
942 1091 1018 1139 suos
1052 1075 1154 1138 colere
1188 1075 1321 1152 destitit,

167 1199 242 1244 cum
266 1179 407 1258 potuerit
430 1179 522 1243 etiarn
548 1179 622 1244 illos
642 1179 887 1264 diligentissime
907 1181 1014 1246 coiens
1033 1185 1097 1245 tam
1117 1181 1223 1246 infelix
1242 1169 1320 1260 fieri,

166 1305 264 1368 quam
292 1285 347 1350 ille
371 1285 513 1370 Regulus
542 1285 623 1351 fuit?
659 1286 731 1351 Nisi
758 1285 839 1351 forte
868 1289 976 1351 contra
1004 1287 1210 1353 almissimam
1240 1289 1319 1353 ueri-

166 1397 268 1457 tatem
298 1395 385 1458 tanta
413 1393 581 1475 quisquam
605 1391 763 1456 dementia
787 1391 883 1457 mirae
909 1394 1073 1458 caecitatis
1097 1395 1259 1472 obnititur,
1284 1400 1321 1458 nt

167 1499 356 1564 contendere
375 1499 491 1564 audeat
508 1499 690 1563 uniuersam
709 1499 870 1564 ciuitatem
892 1499 967 1564 deos
989 1501 1144 1566 colentem
1162 1501 1319 1566 infelicem

119 1629 147 1668 ro
168 1625 240 1670 osse
269 1625 329 1671 non
358 1625 463 1690 posse,
491 1626 590 1671 unum
618 1625 693 1670 uero
725 1607 885 1671 hominem
917 1625 1023 1690 posse,
1053 1607 1137 1690 quod
1169 1607 1320 1674 uidelicet

165 1714 312 1794 potentia
340 1712 470 1778 deorum
498 1731 627 1778 suorum
657 1713 777 1778 multos
801 1713 909 1795 potius
934 1713 977 1778 sit
1000 1713 1112 1777 idonea
1136 1733 1319 1780 conseruare

166 1837 265 1900 quam
290 1818 443 1901 singulos,
468 1836 540 1882 cum
564 1817 737 1882 multitudo
762 1819 887 1882 constet
910 1837 946 1881 er
970 1817 1116 1902 singulis.

213 1923 249 1988 Si
273 1927 380 1988 autem
404 1925 513 1988 dicunt
531 1923 575 1988 M.
594 1924 754 2007 Regulum
778 1925 872 1988 etiam
898 1925 930 1988 in
953 1923 1009 1990 illa
1032 1925 1216 2007 captiuitate
1239 1925 1318 1992 illis·

167 2050 228 2112 que
258 2031 451 2096 cruciatibus
480 2031 619 2113 corporis
648 2031 746 2094 animi
773 2031 893 2094 uirtute
917 2031 1046 2096 beatum
1070 2051 1140 2096 esse
1162 2034 1317 2114 potuisse,

121 2163 149 2204 ιι
166 2137 272 2202 uirtus
296 2137 404 2221 potius
428 2157 504 2202 uera
527 2140 705 2220 quaeratur,
730 2156 793 2219 qua
815 2137 908 2201 beata
932 2155 1001 2202 esse
1019 2137 1123 2220 possit
1141 2141 1173 2202 et
1191 2138 1316 2206 ciuitas.

166 2243 280 2326 Neque
310 2245 392 2308 enim
420 2244 547 2309 aliunde
575 2243 668 2308 beata
695 2244 820 2320 ciuitas,
845 2243 972 2309 aliunde
1000 2244 1105 2322 homo,
1130 2263 1201 2309 cum
1230 2245 1316 2310 aliud

167 2351 284 2414 ciuitas
313 2369 373 2415 non
399 2351 441 2415 sit
465 2370 559 2434 quam
584 2370 714 2415 concors
738 2351 902 2415 hominum
927 2351 1110 2417 multitudo.
1149 2350 1250 2432 Quam
1276 2351 1314 2417 ob

161 2477 230 2522 rem
259 2458 400 2522 nondum
427 2457 553 2522 iuterim
584 2458 721 2541 disputo,
747 2458 851 2540 qualis
875 2457 906 2521 iu
930 2458 1053 2541 Regulo
1077 2459 1180 2522 uirtus
1203 2457 1314 2526 inerit:

164 2562 286 2630 sufficit
313 2583 407 2643 nunc,
436 2565 521 2647 quod
548 2565 610 2628 isto
641 2565 839 2629 nobilissimo
869 2565 1010 2646 exemplo
1040 2569 1197 2648 coguntur
1223 2565 1316 2630 fateri

119 2695 145 2733 ao
165 2689 227 2734 non
252 2676 383 2752 propter
406 2671 543 2754 corporis
568 2671 649 2736 bona
673 2672 726 2735 uel
750 2691 857 2735 aarum
881 2690 996 2748 rerum,
1017 2690 1096 2752 quae
1122 2671 1314 2737 extrinsecus

162 2777 286 2841 homini
318 2777 475 2858 accidunt,
504 2777 654 2842 colendos
687 2777 773 2854 deos,
807 2777 929 2860 quando
964 2778 1091 2860 quidem
1124 2779 1178 2842 ille
1211 2795 1314 2841 carere

162 2884 213 2948 his
249 2884 396 2948 omuibus
430 2883 544 2948 maluit
578 2903 671 2966 quam
705 2884 780 2949 deos
810 2904 865 2966 per
893 2903 972 2967 quos
1001 2885 1120 2950 iurauit
1147 2883 1313 2949 offendere.

162 2989 225 3054 Sed
247 2990 323 3072 quid
341 2991 496 3055 faciamus
516 2991 709 3068 hominibus,
725 2991 779 3074 qui
798 2991 974 3074 gloriantur
993 3010 1027 3055 se
1047 2991 1143 3055 talem
1164 2990 1312 3054 habuisse

161 3097 278 3172 ciuem,
304 3097 428 3180 qualem
452 3097 567 3161 timent
590 3097 703 3162 habere
728 3097 912 3161 ciuitatem?
938 3094 1029 3176 Quod
1053 3097 1081 3161 si
1105 3096 1312 3171 continuent,

115 3229 141 3270 ee
160 3203 226 3266 tale
260 3222 333 3286 ergo
368 3203 498 3284 aliquid,
528 3204 620 3285 quale
654 3202 770 3268 accidit
796 3203 932 3286 Regulo,
962 3203 1058 3267 etiam
1090 3203 1214 3268 ciuitati
1245 3207 1311 3266 tam

161 3310 332 3394 diligenter
358 3329 452 3393 quarn
481 3311 536 3374 ille
564 3310 639 3374 deos
669 3310 784 3374 colenti
813 3309 954 3374 accidere
983 3310 1126 3393 potuisse
1155 3309 1312 3373 fateantur

161 3420 195 3481 et
224 3416 413 3481 Christianis
441 3417 637 3500 temporibus
666 3436 726 3481 non
756 3417 993 3482 calumnientur.
1028 3417 1147 3481 Verum
1176 3414 1310 3497 quiade

159 3522 228 3586 illis
258 3521 446 3588 Christianis
475 3527 543 3588 orta
571 3524 715 3606 quaestio
745 3529 804 3602 est,
834 3524 888 3606 qui
916 3525 1010 3588 ctiam
1040 3523 1193 3604 captiuati
1225 3525 1308 3600 sunt,

197 3766 214 3818 3
234 3763 324 3818 reddit
342 3763 412 3819 ΠΛ
427 3765 450 3819 0
458 3766 646 3837 abdepqu;
664 3767 786 3822 reddidit
803 3767 839 3820 L¹
854 3773 888 3833 ᾗ·
907 3767 1002 3821 reddet
1016 3767 1059 3820 al·
1079 3766 1177 3820 Domb.
1227 3767 1245 3819 4
1264 3781 1308 3819 ca·

159 3854 320 3924 lnpniantur
338 3872 358 3908 a
411 3855 503 3909 orbist.
523 3855 549 3908 L
594 3855 611 3909 8
631 3857 777 3926 quisquelp',
797 3873 810 3910 e
830 3855 917 3910 erosis
936 3857 987 3912 litt.
1008 3873 1077 3918 uam,
1096 3855 1138 3922 L‚·
1157 3856 1270 3924 quisque
1285 3857 1306 3906 Λ

159 3942 303 4008 obnititur,
322 3943 364 3997 nit
381 3943 413 3996 in
430 3959 496 4006 ras,
519 3945 543 3998 0
614 3945 646 3998 12
667 3949 695 3998 et
714 3961 743 3998 ex
762 3951 786 4000 A
860 3947 892 4000 13
911 3946 946 3999 M.
967 3943 1018 3999 Lu
1031 3961 1091 4014 Μ·
1111 3961 1161 3998 oua.
1184 3943 1219 4009 C;
1236 3943 1307 3995 Mar-

159 4045 222 4082 cum
243 4031 312 4084 ode
418 4031 581 4086 reculuma¹
671 4035 704 4088 15
729 4034 816 4103 possit
836 4049 928 4086 essen
1019 4033 1054 4086 20
1072 4037 1252 4102 propterera.
1272 4029 1305 4084 Λι

158 4147 192 4198 21
216 4143 315 4199 accidit
333 4147 356 4199 e¹
447 4149 481 4202 23
500 4148 583 4202 talem
602 4165 663 4203 sea
762 4115 841 4202 babis
851 4149 853 4220 l
867 4149 982 4218 illibem,
1003 4163 1110 4204 corroso
1130 4148 1261 4216 eucapiae,
1281 4146 1306 4198 L

157 4261 249 4314 cibem
268 4261 302 4316 Λι
346 4263 380 4316 27
401 4219 525 4332 pissia
572 4265 606 4318 28
627 4262 1126 4335 captiuatiLA²0abdepalo²f;
1150 4262 1304 4332 captiuitati

155 4349 249 4415 A¹k¹,·
268 4353 369 4420 captiui
388 4351 462 4406 ducti
481 4369 522 4422 qo
