3164 4932
405 404 455 456 Dc
484 405 658 460 ciuitate
687 406 747 458 dei
776 406 840 464 lib.
870 407 929 460 XII..
960 425 1035 478 cap.
1065 409 1088 465 Ἰ.
1245 414 1308 477 577

626 601 762 667 CAPUT
786 603 856 668 VII.

166 740 334 805 Causam
377 743 631 808 efficientem
669 745 796 808 malae
835 745 1068 810 uoluntatis
1106 767 1179 811 non
1219 767 1309 812 esso

603 852 878 933 quaerendam.

210 989 311 1055 Nemo
339 991 438 1076 igitur
464 997 594 1074 quaerat
622 993 809 1059 efficientem
840 1013 968 1058 causam
995 996 1097 1059 melae
1121 996 1311 1071 uoluntatis3

134 1115 228 1162 enon
252 1097 333 1161 enim
358 1102 406 1162 est
429 1099 568 1164 efficiens
593 1101 648 1164 sed
673 1100 832 1178 deficiens,
857 1101 931 1183 quie
954 1119 1011 1164 neo
1034 1101 1091 1165 illa
1114 1101 1236 1166 effectio
1256 1101 1313 1166 sed

167 1203 312 1267 defectio.
355 1203 495 1268 Deficere
528 1225 663 1288 namque
697 1207 734 1270 ab
769 1226 815 1284 eo,
850 1206 935 1289 quod
963 1226 1086 1270 summe
1115 1212 1173 1280 est,
1203 1207 1242 1272 ed
1269 1208 1312 1287 id,

167 1309 252 1391 quod
281 1310 387 1374 minus
416 1315 475 1388 est,
502 1311 562 1377 hoo
593 1316 642 1378 est
664 1313 803 1395 incipere
827 1314 940 1378 habere
964 1314 1161 1378 uoluntatem
1186 1315 1314 1380 malem.

168 1417 287 1482 Causae
316 1436 406 1499 porro
436 1418 648 1484 defectionum
676 1421 820 1498 istarum,
849 1439 921 1485 cum
951 1419 1122 1484 efficientes
1151 1439 1210 1484 non
1240 1420 1314 1498 sint,

167 1527 204 1588 ut
228 1523 300 1600 dixi,
326 1525 381 1588 sed
406 1524 597 1604 deficientes,
617 1526 700 1590 uelle
719 1526 860 1590 inuenire
880 1527 943 1590 tale
964 1529 1022 1602 est,
1043 1526 1124 1590 acsi
1145 1526 1314 1608 quisquam

123 1648 148 1688 ιο
169 1629 249 1694 uelit
271 1631 379 1694 uidere
404 1631 548 1695 tenebras
573 1633 626 1696 uel
645 1633 753 1697 audire
773 1632 945 1708 silentium,
967 1632 1050 1714 quod
1069 1637 1173 1696 tamen
1193 1635 1315 1696 utrum·

169 1756 230 1819 que
259 1737 349 1801 nobis
373 1741 485 1802 notum
508 1743 567 1814 est,
592 1759 694 1821 neque
717 1738 799 1804 illud
821 1740 882 1803 nisi
905 1757 961 1821 per
984 1739 1104 1816 oeulos,
1128 1758 1230 1821 neque
1256 1741 1314 1804 hoc

168 1844 230 1907 nisi
258 1863 313 1926 per
340 1863 442 1920 auree,
470 1863 531 1908 non
557 1845 685 1909 sanein
711 1847 826 1928 specie,
852 1845 962 1909 sedin
987 1845 1102 1928 speciei
1127 1846 1313 1929 priuatione.

168 1949 269 2014 Nemo
299 1969 373 2034 ergo
402 1970 437 2014 ex
466 1971 516 2015 me
544 1951 624 2016 scire
654 1955 793 2033 quaeret,
822 1951 908 2034 quod
936 1971 986 2016 me
1009 1951 1130 2016 nescire
1154 1951 1230 2030 scio,
1254 1953 1316 2017 nisi

168 2059 250 2124 forte
278 2061 315 2122 ut
342 2059 463 2122 nescire
492 2058 603 2135 discat,
634 2060 719 2140 quod
747 2059 820 2123 sciri
848 2078 907 2123 non
936 2077 1029 2142 posse
1062 2057 1224 2122 sciendum
1257 2055 1316 2126 eet.

124 2184 149 2222 ιε»
169 2166 216 2228 lla
243 2165 359 2247 qnippe
388 2184 465 2246 quae
493 2183 553 2229 non
581 2167 613 2229 in
643 2167 757 2249 specie,
787 2165 842 2229 sed
865 2165 897 2228 in
921 2166 990 2229 eius
1013 2164 1191 2247 priuatione
1214 2165 1317 2230 sciun-

170 2279 232 2347 tur,
266 2272 292 2336 si
325 2271 387 2335 dici
421 2277 477 2335 aut
507 2271 650 2356 intellegi
688 2276 805 2355 potest,
846 2272 981 2355 quodam
1018 2272 1112 2338 modo
1150 2271 1317 2336 nesciendo

171 2380 326 2455 sciuntur,
349 2383 387 2443 ut
410 2378 537 2443 sciendo
561 2379 750 2444 nesciantur.
795 2379 874 2443 Cum
899 2379 980 2442 enim
1005 2381 1088 2443 acies
1113 2378 1209 2442 etiam
1233 2378 1317 2440 oculi

171 2486 341 2568 corporalis
379 2486 477 2550 currit
512 2505 568 2568 per
604 2485 727 2568 species
765 2487 953 2566 corporales,
985 2504 1142 2568 nusquam
1174 2484 1318 2548 tenebras

171 2593 271 2674 uidet,
295 2593 358 2657 nisi
382 2592 435 2657 ubi
460 2593 599 2675 coeperit
622 2611 682 2656 ron
706 2591 822 2656 uidere.
847 2592 896 2656 Ita
920 2591 1014 2655 etiam
1040 2611 1100 2656 non
1121 2590 1161 2654 ad
1180 2589 1317 2670 aliquem

126 2721 152 2758 ro
172 2701 270 2764 alium
300 2719 438 2777 sensum,
468 2699 524 2764 sed
553 2699 592 2762 ad
619 2698 704 2763 solas
733 2717 824 2762 aures
847 2698 983 2780 pertinet
1006 2699 1121 2762 sentire
1146 2696 1318 2772 silentium,

173 2805 256 2889 quod
275 2809 380 2868 tamen
399 2804 487 2868 nullo
508 2803 599 2868 modo
620 2804 682 2868 nisi
699 2823 759 2868 non
779 2803 935 2866 audiendo
955 2802 1099 2866 sentitur.
1124 2802 1176 2867 Sic
1196 2801 1318 2883 apecies

171 2912 396 2994 intellegibiles
424 2930 513 2974 mens
542 2910 668 2992 quidem
697 2915 804 2974 nostra
827 2908 1039 2992 intellegendo
1064 2908 1233 2991 conspicit;
1264 2906 1320 2970 sed

173 3020 229 3084 ubi
257 3019 417 3095 deficiunt,
442 3017 609 3081 nesciendo
634 3016 798 3080 condiscit.
842 3016 1007 3080 Delicta
1036 3015 1117 3079 enim
1147 3014 1237 3096 quis
1269 3013 1320 3076 in-

173 3125 366 3208 tellegit?

264 3369 298 3420 23
317 3368 360 3420 Ps.
383 3367 424 3430 18,
446 3368 478 3420 13

212 3546 227 3596 5
248 3541 328 3594 sed..
343 3540 481 3596 ..effectio
500 3556 559 3607 sup.
576 3539 624 3592 lira.
644 3538 671 3590 V
739 3537 786 3590 sed
806 3537 933 3589 deficiens
952 3536 1035 3588 onub
1107 3536 1224 3604 effectio]
1242 3535 1321 3589 affec-

175 3631 246 3686 tiob
320 3629 426 3683 effectio
447 3632 518 3682 esto
591 3627 638 3680 sed
658 3624 872 3679 defectioom.b
928 3623 1351 3691 odeficeremasupliaa

176 3719 548 3790 8porrom.t’eup.liu.f
602 3714 728 3768 etalist
783 3714 813 3765 ll
835 3713 898 3766 illut
917 3714 965 3764 sit
1021 3713 1052 3764 13
1073 3728 1115 3764 me
1134 3713 1236 3765 nescire
1256 3713 1321 3774 scio,

176 3813 310 3877 iarnarp.
330 3808 398 3861 scire
417 3807 537 3860 nescioe
594 3804 739 3858 resciret
812 3802 994 3855 discendumt
1049 3802 1081 3855 16
1101 3800 1230 3871 quodam]
1250 3799 1322 3870 quod

177 3898 211 3951 ad
232 3903 242 3950 t
296 3897 330 3950 23
349 3895 489 3949 candescit
507 3899 518 3947 t
590 3895 612 3946 ai
632 3893 722 3962 quiet

205 4435 285 4476 XXXX
303 4437 360 4483 Aug.
376 4444 446 4482 opera
460 4433 534 4475 Sentio
550 4433 567 4472 V
583 4443 634 4482 pers
651 4434 668 4471 l.
