3094 4932
257 419 298 484 60
604 417 629 472 S.
659 418 815 472 Aurelii
844 417 1060 486 Augustini

254 612 307 676 uel
330 615 396 675 tam
420 611 491 675 duri
511 613 585 676 eunt
609 611 800 674 aduersitate
823 610 950 687 mentis,
971 615 1017 688 ut,
1037 608 1163 674 etiamsi
1181 609 1403 687 intellexerint,

255 737 316 782 non
354 718 533 794 oboediant,
566 717 767 800 respondent,
800 721 838 780 ut
875 716 1029 799 scriptum
1067 719 1125 792 est,
1160 719 1192 781 et
1227 718 1404 798 loquuntur

254 824 453 906 iniquitatem
491 824 593 906 adque
630 823 870 908 infatigabiliter
906 823 981 887 uani
1013 825 1096 888 sunt.
1144 821 1285 901 Quorum
1319 823 1403 888 dicta

254 929 410 994 contraria
438 929 466 995 si
492 930 609 994 totiens
637 931 775 995 uelimus
803 929 957 1006 refellere,
987 929 1131 1011 quotiens
1160 929 1273 994 obnixa
1299 929 1402 993 fronte

255 1037 423 1100 statuerint
450 1055 512 1100 non
542 1037 680 1121 cogitare
709 1036 785 1118 quid
819 1036 934 1114 dicant,
964 1035 1040 1100 dum
1073 1055 1275 1118 quocumque
1307 1034 1402 1100 modo
1432 1057 1443 1098 c

253 1143 370 1207 nostris
382 1142 650 1225 disputationibus
662 1143 887 1219 contradicant,
901 1161 995 1224 quum
1011 1141 1217 1206 sitintiuitum
1235 1144 1267 1206 et
1281 1161 1401 1206 aerum-

253 1267 366 1313 nosum
397 1253 429 1314 et
455 1249 687 1314 infructuosum
717 1249 817 1314 uides.
861 1251 962 1330 Quam
992 1251 1030 1315 ob
1058 1270 1205 1328 remnec
1228 1253 1260 1314 te
1283 1251 1400 1332 ipsum,

253 1351 320 1444 [mi]
354 1355 399 1419 fili
432 1356 626 1433 Marcelline,
659 1375 717 1420 nec
750 1357 840 1436 alios,
877 1357 993 1440 quibus
1026 1357 1078 1421 hic
1109 1357 1199 1422 labor
1230 1360 1337 1421 noster
1368 1357 1398 1420 iu

253 1461 372 1527 Christi
405 1463 535 1527 caritate
567 1462 689 1527 utiliter
721 1483 756 1527 ac
788 1463 961 1528 liberaliter
998 1465 1107 1542 seruit,
1139 1465 1220 1528 tales
1257 1483 1399 1528 meorum

253 1568 441 1650 scriptorum
465 1567 563 1634 uelim
586 1569 719 1648 iudicer,
739 1571 794 1653 qni
811 1571 1046 1654 responsionem
1067 1591 1191 1654 semper
1209 1571 1398 1635 desiderent.
1419 1593 1442 1631 ιο

252 1693 326 1739 cum
354 1675 404 1740 his
433 1696 513 1759 quae
540 1678 691 1760 leguntur
719 1677 876 1742 audierint
903 1679 1023 1760 aliquid
1052 1679 1295 1756 contradictus
1322 1678 1399 1742 fiant

251 1781 374 1846 similes
410 1801 518 1847 earum
555 1785 823 1862 muliercularum,
857 1804 935 1867 quas
973 1788 1199 1850 commemorat
1234 1784 1398 1868 apostolus

252 1907 409 1971 semper
437 1889 646 1955 discentes
675 1894 715 1954 et
741 1911 952 1974 numquam
977 1892 1022 1955 ad
1046 1893 1246 1958 ueritatis
1271 1893 1397 1957 scien·

252 1995 349 2060 tiam
372 1997 674 2078 peruenientes.

725 2207 862 2272 curun
884 2205 923 2272 11.
1415 2241 1437 2280 1⁵
1520 2169 1521 2174 Ν

322 2345 376 2410 De
400 2345 474 2428 hia,
499 2365 599 2428 quae
623 2345 751 2428 primo
775 2347 984 2412 uolumine
1009 2348 1199 2431 expedita
1222 2353 1328 2416 sunt.

294 2487 460 2572 Superioro
488 2487 596 2570 itaque
623 2487 715 2566 libro,
746 2507 818 2552 cum
847 2488 884 2554 de
919 2489 1049 2555 ciuitate
1076 2491 1136 2555 Dei
1170 2490 1273 2556 dicere
1305 2491 1394 2556 insti-

247 2595 394 2673 tuissem,
423 2595 505 2659 nude
533 2594 594 2659 hoc
620 2595 807 2660 uniuersum
837 2614 916 2679 opus
944 2597 999 2662 illo
1029 2597 1198 2663 adiuuante
1225 2599 1257 2662 in
1282 2617 1393 2662 manus

248 2706 391 2766 sumtum
423 2704 482 2778 est,
516 2702 654 2766 occurrit
691 2702 770 2767 milri
802 2704 1015 2768 resistendum
1054 2724 1123 2770 esse
1156 2705 1303 2787 primitus
1337 2705 1391 2780 eis,

248 2808 302 2890 qui
334 2810 410 2873 haec
442 2809 536 2887 bella,
571 2807 687 2892 quibus
720 2809 856 2874 mundus
889 2811 951 2874 iste
983 2811 1166 2887 conteritur,
1198 2811 1393 2893 maximeque
1411 2819 1435 2856 ²⁰

247 2913 406 2978 Romanae
434 2913 522 2978 urbis
550 2917 709 2978 recentem
738 2933 757 2978 a
784 2915 924 2979 barbaris
958 2917 1169 2982 uastationem
1199 2916 1393 2982 Christianae

245 3019 392 3104 religioni
419 3019 574 3099 tribuunt,
598 3039 661 3102 qua
687 3020 894 3102 probibentur·
921 3021 1063 3088 nefandis
1088 3022 1250 3088 sacrificiis
1275 3021 1392 3087 seruire

247 3125 463 3204 daemonibus,
489 3146 561 3192 cum
589 3127 697 3209 potius
725 3129 785 3192 hoc
813 3128 951 3192 tribuere
975 3127 1125 3193 deberent
1149 3127 1286 3207 Christo,
1310 3129 1393 3213 quod

246 3235 374 3314 propter
397 3233 465 3298 eius
489 3253 601 3298 nomen
626 3237 734 3298 contra
757 3233 941 3299 institutum
960 3254 1144 3319 moremque
1162 3237 1318 3301 bellorum
1338 3236 1392 3310 eis,
1521 3311 1522 3314 Ἴ

246 3357 308 3419 quo
338 3339 552 3423 confugerent,
581 3341 732 3425 religiosa
760 3345 792 3406 et
820 3343 1016 3425 amplissima
1042 3344 1114 3408 loca
1139 3343 1264 3409 barbari
1294 3344 1433 3409 libera²⁵
1521 3397 1522 3406 ,

334 3565 351 3618 2
370 3565 414 3618 Ps.
434 3567 477 3629 93,
497 3567 513 3618 4
570 3567 602 3621 13
622 3567 647 3624 2.
667 3567 734 3621 Tim.
755 3569 779 3630 3,
801 3571 815 3622 7

281 3689 467 3744 subaudiant
486 3709 504 3746 a
559 3691 685 3746 locuntur
705 3693 791 3748 Clde
836 3694 1080 3764 3infatigauiliter
1098 3696 1157 3750 LA
1202 3695 1393 3751 dobnoxiaC

246 3781 472 3847 betatueruntq
554 3781 769 3850 cogitaremcs.;
788 3799 914 3838 curares
1004 3785 1076 3840 8mi
1095 3801 1146 3839 orn.
1167 3785 1277 3850 LA¹c;
1298 3786 1390 3840 filimi

246 3865 345 3933 qf¹lr²
443 3869 618 3924 marchelline
637 3870 696 3923 LA
786 3871 971 3927 9liueraliter
989 3873 1048 3927 LA
1141 3875 1173 3929 10
1192 3873 1392 3929 desiderantfl

247 3955 279 4008 12
298 3955 513 4010 muliercularum
535 3975 624 4013 earnm
643 3959 709 4022 LA,
729 3961 996 4029 transpositionem.
1016 3966 1036 4015 2
1053 3963 1084 4016 in
1102 3962 1129 4016 L
1147 3970 1247 4017 notata
1298 3965 1331 4018 13
1351 3963 1388 4017 di·

247 4045 347 4098 scentis
369 4044 401 4098 0¹
482 4063 627 4116 numquam
647 4048 682 4101 ad
700 4049 778 4105 uerit.
799 4050 940 4104 scientiam
959 4050 1017 4104 Ln
1031 4053 1106 4119 θρα
1125 4051 1239 4118 Domb.;
1257 4051 1292 4105 ad
1310 4053 1388 4106 uerit.

244 4133 339 4186 scient.
359 4151 450 4204 uumq.
471 4136 617 4205 abdeqo
696 4137 727 4190 li
748 4139 986 4208 superioriql²f
1062 4140 1291 4194 interimendum
1311 4141 1388 4196 codd.

244 4227 353 4288 excepto
371 4240 401 4290 q;
419 4223 635 4293 respondendum
654 4242 695 4294 qo
749 4227 784 4280 23
803 4227 921 4280 tribuere
941 4228 1071 4282 deberent
1089 4230 1157 4294 Lll,
1177 4230 1390 4297 transpositione

245 4311 276 4361 in
294 4308 320 4361 L
338 4327 371 4362 nr.
392 4314 541 4378 2notcta,·
562 4311 622 4368 deb.
641 4314 703 4366 trib.
726 4313 823 4370 Unell.
843 4331 859 4368 c
