3136 4934
289 414 353 494 388
631 411 656 464 S.
685 409 843 464 Aurelii
871 408 1088 478 Augustini

288 605 477 687 requirenti;
502 625 562 670 non
587 605 741 669 miscetur
764 603 883 668 bomini
908 603 1038 668 deorum
1062 602 1194 668 crimina
1223 601 1339 686 fingere
1368 623 1432 686 pro·

289 713 423 790 bibenti,
461 716 492 776 et
528 711 681 776 miscetur
718 711 863 776 daemoni
897 730 931 775 se
963 710 1053 774 falsis
1087 711 1214 775 deorum
1250 709 1432 774 criminibus

289 819 474 896 oblectanti3
499 838 559 883 non
583 819 737 883 miscetur
760 818 879 882 homini
903 836 1069 902 magorum
1093 817 1212 881 scelera
1235 815 1331 880 iustis
1358 816 1432 899 legi-

290 926 349 990 bus
372 925 527 1009 punienti,
553 929 585 988 et
607 926 762 989 miscetur
784 924 929 989 daemoni
957 925 1096 1008 magicas
1130 927 1213 988 ortes
1246 921 1373 986 docenti
1403 927 1432 986 ct

288 1033 437 1114 inplenti3
462 1052 522 1097 non
546 1033 700 1096 miscetur·
722 1032 844 1096 homini
866 1031 1077 1095 imitationem
1105 1029 1267 1094 daemonis
1290 1027 1431 1112 fugienti,
1460 1043 1470 1082 r
1540 1103 1541 1114 χ

289 1143 321 1204 ot
343 1139 498 1204 miscetur
522 1139 666 1203 daemoni
691 1139 910 1220 deceptionem
934 1137 1072 1202 bominis
1096 1135 1277 1218 aucupanti.

739 1331 874 1397 CAPUT
898 1331 983 1394 XXI.

290 1477 344 1539 An
367 1474 634 1539 daemonibus
654 1473 812 1537 nuntiis
833 1476 871 1537 et
890 1471 1193 1556 interpretibus
1215 1469 1430 1537 diutautur

379 1581 559 1662 fallique
583 1600 624 1646 se
649 1581 693 1644 ab
719 1581 777 1646 eis
801 1585 869 1645 aut
891 1581 1082 1665 ignorent
1106 1583 1175 1643 aut
1197 1578 1342 1643 uelint.

334 1722 396 1788 Sed
420 1722 568 1786 nimirum
591 1725 696 1786 tantae
720 1721 815 1785 inrius
844 1721 1052 1786 absurditatis
1087 1724 1119 1786 et
1150 1719 1351 1804 indignitatis
1384 1723 1465 1784 esto
1540 1791 1541 1794 Ἴ

288 1849 404 1914 magna
422 1829 605 1906 necessitas,
627 1829 710 1911 quod
730 1828 854 1893 scilicet
874 1829 948 1893 deos
964 1827 1120 1893 aetherios
1136 1829 1274 1892 bumana
1288 1833 1427 1891 curantes

289 1936 366 2021 quid
388 1938 552 2000 terrestres
576 1935 721 2000 homines
746 1937 876 2019 agerent
900 1937 1009 2017 utique
1033 1935 1155 2013 lateret,
1179 1935 1240 1998 nisi
1265 1934 1427 1998 daemones

288 2043 364 2109 aerii
388 2043 582 2119 rrrrntia1·ont;
621 2042 769 2124 quoniam
795 2043 903 2106 aether
929 2043 1023 2126 longo
1058 2061 1076 2105 a
1107 2045 1191 2105 terra
1225 2045 1275 2104 est
1308 2039 1426 2121 alteque

289 2168 474 2233 suspensus,
500 2169 552 2212 aer
574 2167 649 2212 uero
675 2148 794 2212 aetheri
818 2152 981 2231 terraeque
1006 2149 1185 2231 contiguus.
1210 2146 1425 2211 Omirabilem
1540 2231 1541 2242 ἵ

288 2256 492 2338 sapientiam!
536 2253 619 2333 Quid
658 2256 744 2320 aliud
782 2255 819 2320 de
853 2255 901 2319 dis
934 2256 990 2319 isti
1023 2256 1175 2332 sentiunt,
1210 2273 1289 2336 quos
1323 2272 1464 2320 omness

289 2365 427 2446 optimos
452 2363 574 2435 uolunt,
599 2363 660 2426 nisi
680 2381 733 2425 eos
754 2365 785 2426 et
803 2363 942 2426 bumana
961 2381 1079 2440 curare,
1100 2380 1138 2426 no
1157 2361 1246 2425 cultu
1266 2361 1428 2425 uideantur

287 2469 420 2554 indigni,
445 2473 477 2534 et
500 2472 628 2552 propter
656 2470 884 2533 elementorum
918 2469 1100 2533 distantiam
1132 2468 1271 2532 bumana
1304 2469 1426 2533 nescire.

288 2580 327 2642 ut
350 2578 517 2642 credantur
541 2577 707 2641 daemones
732 2577 902 2640 necessarii
932 2579 964 2640 et
992 2575 1030 2640 ob
1063 2576 1123 2639 boc
1157 2575 1253 2640 etiarn
1284 2575 1347 2659 ipsi
1376 2593 1426 2657 pu·

287 2687 398 2748 tentor
421 2684 555 2760 colendi,
579 2702 634 2766 per
657 2703 735 2764 quos
761 2683 792 2746 di
815 2683 939 2765 possint
962 2687 994 2746 et
1018 2682 1094 2764 quid
1116 2681 1147 2746 in
1167 2682 1262 2748 rebus
1287 2681 1425 2746 humanis
1540 2681 1541 2760 s

288 2793 402 2874 agatur
425 2791 587 2854 addiscere
612 2792 644 2853 et
666 2789 721 2853 ubi
745 2793 870 2873 oportet
893 2789 1075 2854 bominibus
1100 2788 1289 2854 subuenire?
1313 2789 1381 2852 Hoc
1402 2789 1425 2852 si
1440 2805 1461 2844 a
1540 2767 1541 2856 i

287 2896 334 2961 ita
357 2901 416 2974 ast,
442 2897 491 2961 dis
515 2897 587 2961 istis
610 2897 701 2962 bonis
731 2897 833 2981 magis
861 2901 956 2962 notus
986 2900 1034 2960 est
1067 2895 1199 2961 daemon
1232 2915 1288 2979 per
1320 2915 1424 2978 eorpus
1540 2883 1541 2944 ἶ

287 3003 429 3066 uicinum
454 3022 548 3084 quarn
572 3003 666 3066 bomo
690 3021 747 3083 per
770 3002 910 3066 animum
933 3003 1062 3068 bonum.
1087 3001 1113 3065 Ο
1137 3004 1277 3066 multum
1301 3001 1424 3067 dolendo

287 3108 473 3186 necessitas,
498 3128 536 3171 an
560 3109 667 3191 potius
691 3109 854 3173 inridenda
878 3109 930 3173 uei
955 3108 1140 3173 detestanda
1163 3110 1301 3184 nouitas,
1325 3129 1360 3174 ne
1387 3107 1423 3170 sit

287 3234 369 3278 uana
393 3215 558 3279 diuinitas!
594 3213 628 3280 Si
653 3215 735 3279 enim
761 3216 865 3279 animo
890 3217 928 3279 ab
960 3216 1126 3281 obstaculo
1160 3217 1301 3297 corporis
1333 3215 1420 3278 libero

288 3321 427 3385 animum
462 3325 603 3386 nostrum
637 3322 745 3385 uidere
779 3323 809 3386 di
843 3326 987 3406 possunt,
1020 3341 1081 3386 non
1119 3321 1157 3386 ad
1195 3323 1255 3386 boc
1291 3321 1458 3403 indigens

289 3426 494 3490 daemonibus
524 3427 657 3504 nuntiis;
693 3428 719 3491 si
752 3437 857 3492 autern
892 3429 1067 3492 animorum
1099 3427 1217 3492 indicis
1249 3425 1419 3511 corporalia.

288 3532 395 3614 qualia
419 3535 494 3596 sunt
516 3533 635 3598 locutio
662 3533 772 3598 uultus
800 3537 918 3608 motus,
946 3553 1001 3618 per
1029 3553 1143 3618 corpus
1172 3554 1267 3600 suurn
1301 3531 1419 3598 aetherii

324 3846 387 3900 2se
407 3861 492 3900 orne
545 3847 733 3916 doeoupanti,
752 3849 782 3902 in
800 3863 886 3918 rnurp.
906 3828 1094 3918 'aucupanda
1148 3851 1206 3905 io.
1226 3850 1289 3904 XXI
1306 3865 1363 3904 eam
1380 3863 1418 3900 su·

286 3935 393 4004 periore
411 3935 537 3988 cohaeret
554 3935 585 3988 in
603 3935 639 4002 0;
657 3952 679 3989 c.
694 3935 756 3990 XXI
770 3937 956 4006 sipnificatum
975 3943 1014 3991 est
1027 3955 1057 4006 p.
1074 3939 1140 4000 389,
1157 3941 1189 3992 5.-
1206 3938 1310 3992 Vellem
1362 3937 1377 3990 9
1394 3939 1417 3986 ut

287 4022 389 4092 ing
479 4025 511 4078 10
531 4027 558 4078 et
576 4025 750 4093 indignitatis
769 4041 820 4079 om.
842 4025 874 4078 0¹
967 4027 998 4079 12
1017 4027 1179 4080 laterentO
1261 4030 1292 4082 13
1310 4021 1415 4092 alteque]

286 4113 657 4177 ita....m.2r'nros.,e
748 4115 781 4167 14
801 4115 1130 4184 conti.guus,ner·os.,e
1222 4117 1254 4170 16
1280 4109 1416 4169 etom.C¹

287 4201 400 4270 curares,
421 4203 433 4253 t
451 4201 584 4269 erasmo*
649 4203 683 4255 23
702 4217 737 4255 ne
756 4203 793 4255 sit
811 4219 882 4256 uana
901 4203 1031 4282 diuinitas
1049 4205 1080 4258 in
1098 4220 1217 4274 marps
1279 4205 1311 4258 25
1330 4203 1364 4256 dii
1380 4199 1413 4252 ui·

921 4275 1007 4308 manrbns

287 4316 378 4370 dereo
451 4316 573 4370 daemon.
593 4317 748 4386 indigente
803 4319 837 4371 26
857 4318 1060 4390 daepuntiisO
1112 4321 1145 4377 27
1165 4317 1413 4374 uultuslocutioso
