3072 4928
369 435 419 488 De
448 434 626 488 ciuitate
650 432 712 488 dei
734 433 802 486 lib.
827 433 863 487 H.
888 449 962 502 cap.
990 433 1030 486 ll.
1053 433 1093 489 15.
1262 437 1305 500 79

147 630 310 716 flagitium
331 631 501 714 quisquam
520 630 745 698 historicorum
764 631 817 696 uel
835 635 999 714 poetarum
1020 629 1098 695 dixit
1116 633 1173 696 aut
1191 627 1305 714 tinnit),

149 741 239 804 certe
266 737 319 803 uel
343 737 455 819 Priapo
484 737 536 801 uel
565 736 661 802 alicui
686 737 917 820 Cynocephalo,
941 739 1101 820 postremo
1125 735 1178 802 uel
1201 735 1305 812 Fabri,

151 864 236 928 qnae
259 844 392 910 Romani
415 845 545 909 numina
566 845 681 926 partim
704 844 870 930 peregrine
893 847 1087 927 receperunt,
1107 843 1223 927 partim
1248 861 1307 908 sua

150 952 282 1036 propria
305 955 519 1017 saerauerunt.
558 949 627 1030 Quo
650 951 744 1018 modo
768 951 868 1036 igitur
891 954 979 1017 tanta
1002 951 1099 1018 animi
1123 954 1155 1016 et
1182 969 1305 1017 morum

116 1060 240 1122 amala
267 1058 359 1122 bonis
386 1057 562 1141 praeceptis
591 1061 624 1122 et
649 1056 775 1143 legibus
804 1059 857 1123 uel
885 1057 1071 1123 inminentia
1092 1057 1305 1142 prohiberent,

151 1165 208 1230 nel
235 1165 333 1230 insita
361 1163 542 1247 extirpanda
570 1168 714 1230 curarent
747 1164 780 1228 di
809 1166 902 1242 tales,
926 1164 980 1247 qui
1004 1164 1099 1229 etiam
1124 1164 1306 1228 seminanda

151 1275 185 1336 et
214 1271 358 1356 augenda
385 1271 508 1356 flagitia
535 1274 733 1348 ourauerunt,
762 1271 841 1336 talia
868 1271 922 1338 uel
950 1289 1008 1336 sua
1036 1271 1089 1335 uel
1122 1271 1214 1354 quasi
1247 1289 1305 1336 sua

150 1377 239 1442 lacta
266 1397 321 1461 per
343 1376 513 1441 theatricas
537 1376 736 1442 celebritates
759 1376 888 1460 populis
910 1376 1108 1442 innotescere
1132 1376 1306 1460 cupienter,

151 1489 192 1548 ut
218 1487 381 1566 tamquam
410 1483 599 1550 auctoritate
628 1483 735 1548 diuina
763 1502 822 1548 sua
849 1487 960 1568 sponte
988 1481 1183 1566 nequissima
1205 1481 1305 1548 libido

97 1590 378 1656 reaccenderetur
410 1591 557 1670 bumana,
590 1591 708 1656 frustra
740 1591 801 1656 boo
834 1591 1027 1656 exclamante
1061 1589 1222 1666 Cicerone,
1251 1587 1305 1672 qui

150 1717 228 1763 cnm
252 1696 291 1761 de
314 1697 417 1781 poetis
441 1701 563 1781 ageret:
587 1697 645 1762 ‘Ad
669 1716 750 1780 quos
779 1717 853 1762 cum
881 1697 1027 1776 accessit,
1050 1696 1164 1780 inquit,
1188 1696 1308 1760 clamor

149 1809 187 1869 et
201 1803 386 1886 adprobatio
400 1805 512 1888 populi
526 1804 617 1887 quasi
633 1803 800 1868 cuiusdam
815 1805 922 1888 magni
937 1807 970 1868 et
984 1803 1136 1888 sapientis
1151 1802 1307 1886 magistri,

148 1928 233 1995 quas
260 1910 309 1976 illi
337 1911 502 1976 obducunt
528 1911 685 1989 tenebras,
714 1930 794 1992 quos
822 1911 978 1976 inuehunt
1006 1913 1123 1989 metus,
1152 1929 1231 1993 quas
1259 1909 1305 1973 in-

148 2017 319 2082 flammant
342 2017 561 2102 cupiditatesl'

95 2277 126 2314 „
614 2227 751 2294 oreon
773 2227 841 2294 nr.

148 2367 268 2450 Quod
290 2367 456 2434 Romani
485 2368 679 2452 quosdam
709 2367 790 2434 sibi
820 2367 913 2433 deos
942 2387 1014 2434 non
1038 2367 1209 2445 ratione,
1234 2367 1304 2432 sed

460 2475 697 2540 adulatione
721 2475 1000 2540 instituerint.

198 2615 287 2695 Quae
311 2620 417 2682 autem
442 2617 508 2682 illic
534 2616 751 2702 eligendorum
776 2617 904 2682 deorum
929 2616 1025 2681 etiam
1048 2614 1190 2698 ipsorum
1208 2614 1304 2681 falso·

144 2743 224 2790 rum
249 2724 329 2788 ratio
349 2741 385 2788 ac
404 2743 465 2789 non
485 2724 593 2807 potius
614 2723 754 2788 adulatio
775 2725 845 2788 est?
866 2722 989 2804 quando
1009 2721 1108 2786 istum
1126 2723 1304 2800 Platonem,

92 2859 123 2900 ao
145 2847 249 2912 quem
274 2828 449 2894 semideum
473 2829 597 2906 uolunt,
621 2829 718 2894 tantis
742 2828 1012 2913 disputationibus
1034 2829 1240 2905 laborantem,
1265 2845 1304 2892 ue

144 2935 251 3002 animi
282 2936 385 3014 malis,
419 2955 498 3018 quae
530 2936 697 3018 praecipue
730 2936 871 3002 cauenda
908 2937 992 3016 sunt,
1025 2953 1128 3002 mores
1166 2954 1304 2999 corrum-

145 3045 303 3126 perentur
330 3042 471 3120 humani,
500 3043 588 3107 nulla
620 3061 708 3108 saera
740 3042 884 3108 aedicula
917 3041 1047 3125 dignum
1080 3043 1242 3126 putarunt,
1272 3041 1305 3104 et

144 3149 325 3216 Romulum
355 3167 449 3214 suum
484 3147 533 3214 dis
568 3149 679 3213 multis
707 3147 933 3232 praetulerunt,
963 3147 1110 3230 quamuis
1138 3148 1171 3212 et
1195 3147 1302 3229 ipsum

146 3255 331 3322 semideum
359 3255 466 3338 potius
496 3274 590 3338 quam
619 3255 713 3320 deum
742 3253 832 3318 uelut
855 3253 1005 3319 secretior
1029 3272 1137 3319 eorum
1162 3251 1306 3318 doctrina

93 3395 122 3432 aa
146 3362 363 3428 commendet.
387 3359 470 3428 Nam
494 3361 590 3427 etiam
614 3361 773 3426 flaminem
796 3361 845 3426 illi
863 3361 1079 3437 instituerunt,
1100 3359 1184 3442 quod
1203 3376 1303 3424 sacer·

146 3468 234 3534 dotti
261 3487 361 3552 genus
390 3465 527 3534 adeo-in
555 3467 706 3534 Romanis
735 3465 833 3532 sacris
862 3469 999 3532 testante
1027 3465 1115 3548 apice
1144 3463 1302 3542 excelluit,

144 3577 191 3640 ut
216 3577 282 3639 tres
310 3574 396 3639 soloe
426 3573 568 3638 flamines
596 3572 748 3638 baberent
775 3573 878 3638 tribus
911 3572 1093 3638 numinibus
1126 3571 1304 3650 institutos,

244 3818 279 3872 10
297 3817 362 3888 Rep.
383 3817 447 3882 1111,
466 3817 483 3872 9

188 3960 204 4014 2
221 3957 377 4029 eynooelalo
391 3957 487 4013 Lao
520 3959 537 4013 3
552 3974 629 4012 suam
642 3957 779 4027 propriam
797 3955 820 4009 0
854 3957 871 4010 5
886 3955 1062 4010 eminentiae
1099 3955 1132 4010 10
1147 3953 1302 4018 fraustrall

147 4051 186 4105 12
205 4047 345 4104 cuiusdam
363 4047 456 4118 magni
474 4049 533 4103 Lu
541 4065 576 4117 p,·
592 4048 624 4102 irs
637 4047 664 4102 L
683 4046 910 4116 transpositionis
923 4052 1006 4101 nolae
1020 4063 1053 4101 m.
1069 4048 1089 4098 2
1101 4044 1303 4113 superscriptae

145 4144 231 4206 aaron
248 4137 342 4207 magni
361 4135 500 4192 cniusdam
523 4137 621 4192 Orell.
639 4153 656 4192 o
730 4135 762 4193 ll
781 4135 996 4204 institueruntp
1070 4133 1103 4188 18
1121 4133 1179 4188 illio
1197 4133 1256 4186 La
1268 4129 1305 4184 0²

148 4253 401 4324 eoaepqara·
420 4253 475 4308 rurs
496 4251 530 4306 οι
547 4253 647 4308 nomo.
743 4251 778 4306 ao
797 4209 948 4314 uoruntiiis
965 4251 990 4303 a
1081 4251 1112 4305 ar
1135 4204 1259 4303 enabaro
1281 4247 1305 4302 o

148 4347 358 4415 corrumpentur
379 4343 412 4396 0¹
