3072 4928
341 434 392 488 De
421 435 596 490 ciuitate
624 435 686 490 dei
714 435 779 492 lib.
808 435 843 492 IL
873 452 948 506 cap.
980 436 1020 491 19.
1215 439 1256 502 85

102 628 230 712 genitos
263 649 346 706 esse,
375 631 430 714 qui
462 651 564 714 neque
596 631 659 715 ipsi
691 633 807 697 habere
838 635 970 714 possent
1001 649 1051 698 ros
1085 630 1256 696 familiares

102 755 205 818 neque
231 735 310 803 alios
334 737 423 821 pati.'
445 738 532 804 Dicit
551 738 662 804 deiude
681 738 773 822 plura
792 737 964 804 Sallustius
985 738 1022 804 dc
1043 737 1147 822 Syllae
1167 737 1256 802 uitiis

101 847 271 924 ceteraque
307 844 459 910 foeditate
491 845 537 910 rei
572 844 729 928 putheas,
762 847 795 910 et
826 843 881 908 alii
914 843 1083 928 scriptores
1114 843 1147 908 in
1179 845 1256 908 haec

101 949 317 1028 consentiunt,
341 951 486 1032 quamuis
511 951 637 1033 cloquio
660 951 798 1016 multum
822 949 933 1034 inpari.

74 1079 86 1118 1
146 1054 260 1122 Cernis
288 1061 405 1133 tamen,
435 1061 469 1122 ut
502 1055 622 1142 opinor,
650 1061 683 1124 et
715 1056 860 1140 quisquis
894 1057 1074 1134 aduertcrit,
1103 1055 1254 1122 1111111111

102 1162 266 1244 perspicit,
282 1163 428 1228 conluuie
442 1183 566 1228 morum
585 1163 797 1246 pessimorum
817 1181 879 1246 qno
899 1162 955 1227 illa
974 1163 1088 1229 ciuitas
1107 1161 1255 1246 prolapsa

102 1267 197 1335 luerit
225 1272 298 1332 anta
326 1269 426 1334 nostri
454 1269 582 1352 superni
608 1269 694 1354 regis
723 1268 907 1334 aduentum.
944 1269 1032 1334 Haec
1056 1268 1140 1334 cuim
1164 1273 1254 1352 gesta

103 1377 175 1437 sunt
203 1392 268 1438 non
296 1375 401 1440 solum
429 1379 598 1460 antequam
622 1375 769 1441 Christus
797 1375 830 1440 in
854 1395 944 1441 caros
967 1393 1116 1458 praesens
1140 1375 1254 1441 docere

105 1479 274 1562 coepisset,
294 1500 406 1546 uarum
429 1483 525 1548 etiam
550 1486 719 1565 antequam
740 1482 778 1548 da
797 1483 921 1568 ulrgine
941 1485 1034 1548 natus
1054 1485 1147 1547 esset.
1173 1481 1252 1547 Cum

64 1613 87 1652 11
104 1588 200 1672 igitur
226 1591 279 1654 tot
307 1592 454 1656 attenta
481 1591 564 1656 mala
591 1593 772 1674 temporum
799 1591 928 1656 illorum
955 1589 1008 1656 uel
1039 1589 1254 1656 tolerabiliora

106 1695 263 1778 superins,
280 1696 333 1760 uel
347 1700 421 1779 post
435 1715 580 1762 euersam
597 1695 820 1780 Carthaginem
836 1696 1034 1762 intoleranda
1051 1699 1083 1761 et
1101 1695 1254 1761 horrenda

106 1800 249 1866 dissuis
277 1802 422 1885 inputare
448 1821 510 1868 uon
539 1803 683 1882 audeaut,
715 1803 878 1886 opiniones
905 1802 1052 1868 humanis
1080 1803 1251 1878 mentibus,

107 1907 184 1972 uude
217 1909 298 1973 talia
329 1907 410 1975 nitio
442 1909 659 1989 rarescerent,
692 1909 813 1976 astutia
848 1909 989 1994 maligna
1023 1909 1250 1974 inserentibus:

107 2033 182 2095 quur
217 2016 306 2080 mala
337 2015 513 2098 praeseutia
546 2015 671 2082 Christo
708 2016 865 2098 inputant,
899 2016 953 2098 qui
990 2016 1130 2082 doctrina
1167 2017 1250 2080 salu-

69 2141 91 2179 11
107 2119 236 2186 terrima
267 2123 299 2186 ct
326 2121 424 2188 falsos
453 2141 489 2187 ao
516 2121 645 2188 fallaces
674 2121 749 2187 deos
779 2121 841 2186 coli
868 2123 958 2186 notat
985 2124 1017 2186 et
1044 2121 1123 2186 istas
1151 2120 1251 2186 homi·

107 2245 175 2290 nurn
203 2227 314 2294 noxias
342 2226 581 2312 flagitiosasque
609 2227 800 2310 cupiditates
824 2226 933 2292 diuina
955 2227 1143 2292 anctorr'tate
1166 2225 1251 2292 dete·

107 2335 188 2398 stans
212 2334 317 2417 adque
337 2333 546 2400 condemnans
565 2334 615 2399 hle
635 2334 727 2398 malis
746 2333 922 2398 tabescenti
941 2352 977 2398 ac
995 2333 1115 2398 labenti
1132 2334 1249 2398 mundo

107 2438 216 2522 uquuo
239 2441 395 2506 familiam
420 2459 510 2506 suam
535 2439 653 2506 seusina
677 2440 845 2518 subtrahit,
869 2459 931 2523 qua
954 2439 1069 2506 condat
1091 2443 1249 2504 aeternam

108 2548 136 2607 et
160 2565 220 2610 non
249 2547 366 2629 plausu
395 2545 558 2624 1111111111,
583 2546 638 2612 sed
666 2547 784 2614 iudicio
813 2546 957 2612 ueritatis
986 2545 1249 2630 gloriosissimam

70 2673 93 2712 ro
108 2649 286 2718 ciuitatem?

528 2795 666 2862 CAPUT
687 2795 820 2862 XVIIII.

108 2934 155 3000 De
182 2937 448 3020 corruptione
471 2937 670 3004 Romanae
699 2938 756 3004 rei
783 2937 985 3022 publicas,
1010 2937 1245 3022 priusquam

288 3045 442 3126 cultum
468 3043 628 3110 deorum
654 3043 845 3110 Christus
870 3045 1061 3110 auferret.

147 3185 225 3250 Ecce
247 3187 391 3252 Romana
412 3206 462 3251 res
485 3187 615 3269 publica
638 3184 738 3270 (quod
759 3206 821 3252 non
849 3205 907 3270 ego
935 3187 1056 3272 primus
1086 3186 1166 3266 dico,
1191 3188 1246 3252 sed

72 3309 93 3350 a
109 3295 242 3357 auctores
276 3311 395 3371 corum,
429 3292 512 3358 unde
544 3293 622 3358 hace
654 3291 797 3358 mercede
834 3292 1015 3371 didicimus,
1047 3297 1134 3360 tanto
1173 3297 1246 3358 ante

107 3393 243 3462 dixerunt
266 3403 337 3464 anta
362 3398 482 3464 Christi
505 3397 692 3486 aduentum)
711 3399 874 3482 ‘paulatim
896 3403 1020 3466 mutata
1043 3419 1079 3464 ex
1101 3401 1245 3484 pulcher-

107 3500 178 3566 rima
200 3504 301 3589 adque
326 3505 446 3589 optima
469 3505 609 3590 pessima
631 3525 667 3571 ac
691 3506 943 3592 flagitioairsima
964 3507 1047 3572 iacta
1070 3509 1141 3574 est’
1163 3507 1245 3572 Ecce

109 3612 173 3672 anta
199 3611 317 3678 Christi
345 3611 527 3690 aduentum,
555 3617 629 3695 post
661 3611 797 3678 deletam
828 3612 1050 3699 Carthaginem
1079 3614 1242 3680 ‘maiorum

109 3731 202 3782 mores
224 3738 284 3783 non
307 3718 472 3802 paulatim,
491 3721 529 3785 nt
552 3723 652 3797 antea,
673 3719 728 3784 sed
751 3721 898 3786 torrentis
922 3719 1016 3786 modo
1035 3721 1243 3804 praecipitati,

74 3843 95 3884 ro
110 3817 177 3886 adeo
199 3822 349 3890 iuuentus
373 3826 448 3890 luxu
472 3824 574 3908 adque
598 3825 732 3890 anarItia
755 3831 902 3908 corrupta
919 3820 990 3891 est.²
1013 3827 1136 3910 Legaut
1153 3827 1243 3892 nobis

111 3930 207 3993 contra
232 3930 341 3998 luxum
370 3934 403 3996 et
431 3932 597 3997 auaritiam
624 3935 792 4017 praecepta
815 3933 947 3998 deorum
971 3952 1101 4000 suorum
1124 3934 1242 4018 populo

144 4155 273 4224 lpoasiut
291 4177 308 4210 α
363 4159 488 4230 2Syllae
507 4175 569 4214 neas.
587 4177 616 4225 a;
637 4159 728 4215 Sullae
743 4160 843 4216 Domb.
899 4126 1080 4226 6131111110
1133 4161 1241 4215 131111-

111 4236 326 4306 ligneastutiaa
416 4248 450 4302 22
478 4248 612 4302 humanae
631 4249 696 4319 reip.
712 4266 733 4320 p
823 4250 858 4304 24
885 4249 987 4320 primur
1009 4249 1063 4316 θος
1088 4249 1162 4320 prius
1181 4249 1241 4308 rell.

113 4327 142 4379 27
159 4346 187 4384 ac
203 4333 263 4404 flag.
282 4335 341 4389 La
354 4334 519 4406 Cabcpq;
539 4338 590 4392 hac
608 4337 669 4407 llog,
689 4338 719 4402 cI;
740 4341 822 4408 atque
841 4338 903 4408 flag.
922 4354 938 4394 c
956 4338 1055 4394 Domb.
