3136 4928
368 448 419 504 De
447 449 621 504 ciuitate
650 449 710 505 dei
739 451 803 506 lib.
831 452 863 509 X.
893 468 968 522 cap.
996 453 1040 508 32.
1214 459 1281 524 505

132 645 206 708 uult
235 662 308 729 ergo
335 643 478 728 intellegi
506 645 627 710 animae
655 646 836 712 liberandae
863 645 1075 713 uniuersalem
1098 649 1185 716 uiam
1208 671 1284 718 non·

133 751 211 816 dum
241 755 402 832 receptam
435 753 487 816 uel
520 771 556 816 en
588 753 694 836 aliqua
726 754 895 818 uerissima
927 755 1130 838 philosophia
1160 760 1214 823 uel
1246 779 1282 825 ex

133 877 243 922 earum
265 857 408 942 gentium
433 859 595 937 doctrinis,
619 878 699 942 quae
723 879 855 944 maguae
879 861 971 926 uelut
991 862 1025 925 in
1048 863 1166 929 diuinis
1188 866 1283 931 rebus

133 965 341 1045 habebantur,
365 965 440 1048 quia
466 966 539 1049 plus
568 971 646 1048 aput
674 980 727 1031 eas
755 967 925 1032 euriositas
952 968 1056 1034 ualuit
1084 989 1282 1054 quorumque

103 1099 117 1137 a
135 1072 319 1156 angelorum
338 1072 628 1156 cognoscendorum
647 1054 681 1137 et
698 1073 911 1154 colendorum,
925 1075 1128 1158 nondumque
1146 1077 1177 1142 in
1192 1097 1283 1144 suam

133 1178 281 1243 notitiam
304 1176 463 1244 historiali
485 1179 663 1264 cognitione
687 1180 863 1263 perlatam?
887 1181 1047 1262 Quaenam
1067 1183 1130 1248 ista
1147 1188 1197 1249 est
1214 1185 1283 1249 uui·

134 1284 268 1350 uersalis
301 1285 364 1362 uia,
393 1285 455 1349 nisi
488 1305 567 1368 quae
600 1305 662 1350 uon
695 1302 770 1351 suae
803 1286 919 1370 cuique
947 1289 1036 1372 genti
1062 1289 1198 1374 propria,
1228 1290 1284 1356 sed

135 1391 293 1456 uniuersis
327 1391 475 1474 gentibus
509 1411 589 1474 quae
623 1393 800 1458 communis
834 1396 920 1459 esset
953 1394 1107 1462 diuinitus
1134 1396 1286 1480 inpertita

135 1502 205 1562 est?
244 1498 344 1579 Quam
375 1501 459 1563 certe
488 1499 549 1564 iate
577 1500 672 1564 homo
701 1519 762 1565 non
790 1500 942 1566 mediocri
969 1501 1096 1586 ingenio
1120 1502 1284 1585 praeditus

89 1632 116 1672 ro
134 1625 206 1670 esse
243 1624 304 1670 non
341 1604 476 1669 dubitat.
515 1605 754 1672 Prouidentiam
791 1608 908 1690 quippe
946 1607 1086 1672 diuinam
1123 1610 1191 1674 sine
1221 1609 1286 1674 ista

134 1712 308 1777 uniuersali
340 1713 395 1777 uia
422 1711 601 1776 liberandae
629 1717 750 1778 animae
779 1732 880 1796 genus
907 1714 1079 1779 humanum
1108 1715 1284 1798 relinquere

134 1821 279 1901 potuisse
303 1839 365 1885 non
384 1817 494 1885 credit.
518 1818 629 1902 Neque
654 1820 736 1884 enim
760 1819 805 1884 ait
823 1838 885 1884 non
905 1839 986 1897 esse,
1007 1821 1064 1886 sed
1082 1821 1143 1887 hoo
1162 1825 1283 1886 tantum

134 1925 252 1990 bonum
280 1929 467 2010 tantumque
496 1925 688 1990 adiutorium
717 1927 855 1991 nondum
883 1931 1057 2009 receptum,
1085 1928 1225 1993 noudum
1253 1929 1286 1992 in

136 2051 227 2096 suam
250 2033 396 2098 notitiam
422 2051 492 2098 esse
515 2031 685 2116 perlatum;
710 2051 767 2096 neo
786 2033 913 2098 mirum.
937 2035 1025 2099 Tunc
1045 2035 1126 2100 enirn
1146 2035 1286 2118 Porphy-

92 2141 203 2206 rarius
236 2143 303 2203 erat
333 2139 366 2203 in
398 2140 493 2204 rebus
525 2137 683 2215 humanis,
713 2138 837 2222 quando
866 2139 928 2203 ista
955 2140 1135 2206 liberandae
1164 2142 1286 2205 animae

134 2245 327 2310 uniuersalis
359 2245 423 2322 uia,
453 2263 533 2328 quae
566 2263 627 2308 nou
660 2247 709 2307 est
741 2244 803 2309 alia
835 2263 930 2326 quarn
957 2246 1069 2330 religio
1098 2245 1285 2324 Christiana,

136 2351 312 2434 obpugnari
336 2351 577 2434 permittebatm·
600 2351 638 2415 ab
662 2350 820 2416 idolorum
840 2349 1091 2435 daemonumque
1110 2352 1286 2417 cultoribus

134 2458 329 2542 regibusque
343 2458 485 2536 terrenis,
496 2461 624 2541 propter
639 2457 846 2522 adserendum
863 2463 896 2522 et
910 2459 1156 2524 consecrandum
1171 2462 1288 2542 marty·

134 2585 205 2629 rum
230 2585 407 2644 numerum,
433 2565 493 2629 hoc
516 2568 566 2628 est
589 2565 720 2630 testium
743 2565 900 2642 ueritatis,
924 2583 981 2648 par
1004 2585 1083 2648 quos
1107 2565 1287 2630 ostendere·

91 2697 119 2738 ao
136 2675 190 2736 tur
214 2671 319 2736 omnia
343 2670 516 2755 corporalia
538 2671 622 2735 mala
645 2689 701 2752 pro
725 2670 786 2734 fide
809 2669 940 2754 pietatis
964 2673 997 2736 et
1016 2670 1287 2736 commendatione

136 2779 285 2843 ueritatis
313 2797 384 2842 esse
412 2776 584 2842 toleranda.
611 2776 751 2841 Videbat
778 2795 853 2858 ergo
876 2776 940 2842 ista
961 2777 1155 2861 Porphyrius
1179 2781 1211 2842 et
1233 2796 1288 2861 per
1319 2815 1321 2820 ,

137 2886 234 2950 huius
248 2885 335 2950 modi
349 2885 586 2968 persecutiones
601 2883 663 2948 cito
679 2884 774 2948 istam
788 2883 875 2948 uiam
889 2885 1062 2966 perituram
1078 2888 1109 2948 et
1123 2889 1289 2967 propterea

136 3013 198 3057 non
228 3011 298 3057 esse
324 2992 428 3075 ipsam
455 2991 633 3057 liberandae
663 2991 785 3055 animae
814 2990 1026 3055 uniuersalem
1053 2991 1196 3073 putabat,
1225 3011 1286 3055 non

137 3099 330 3183 intellegens
353 3098 423 3175 hoc,
444 3099 529 3181 quod
553 3117 625 3164 eum
648 3098 799 3163 mouebat
822 3101 855 3162 et
878 3097 961 3180 quod
985 3098 1016 3160 in
1041 3098 1110 3162 eius
1134 3097 1287 3164 electione

92 3232 120 3272 aa
138 3207 260 3289 perpeti
279 3206 452 3281 metuebat,
473 3204 510 3268 ad
531 3204 599 3269 eius
619 3201 888 3268 confirmationem
908 3203 1182 3287 robustioremque
1205 3223 1289 3269 eom·

138 3311 371 3376 mandationem
394 3311 501 3394 potius
525 3309 690 3391 pertinere.

183 3417 272 3482 Haec
305 3421 354 3482 est
384 3417 483 3502 igitur
511 3416 632 3481 animae
660 3415 840 3481 liberandae
867 3415 1058 3480 uniuersahs
1086 3416 1149 3496 uia,
1178 3416 1212 3480 id
1240 3419 1289 3482 est

137 3523 298 3590 uniuersis
322 3523 471 3607 gentibus
496 3522 604 3586 diuina
626 3522 828 3590 miseratione
852 3539 1011 3602 concessa,
1032 3521 1123 3586 cuius
1147 3524 1288 3605 profecto

139 3631 253 3696 notitia
281 3629 320 3694 ad
348 3649 565 3713 quoscumque
593 3631 656 3694 iam
684 3628 774 3694 uenit
796 3631 830 3694 et
851 3627 890 3694 ad
914 3645 1132 3711 quoscumque
1155 3632 1290 3694 uentura

94 3769 123 3809 ω
141 3740 199 3813 est,
224 3757 281 3803 nec
309 3737 421 3802 debuit
447 3755 506 3801 nec
534 3736 661 3801 debebit
684 3737 713 3800 ei
741 3735 817 3800 dici:
847 3735 949 3814 Quare
973 3733 1089 3799 modo?
1114 3738 1160 3799 et:
1185 3733 1289 3813 Quare

140 3849 231 3910 sero?
265 3845 412 3928 quoniam
444 3843 602 3908 mittentis
632 3843 798 3908 consilium
828 3861 890 3908 nou
919 3843 967 3907 est
995 3841 1131 3906 humano
1160 3841 1288 3925 ingenio

139 3951 343 4035 penetrabile.
368 3949 460 4029 Quod
479 3951 579 4016 sensit
599 3951 693 4016 etiam
716 3951 789 4030 iste,
814 3969 885 4014 cunr
911 3948 998 4028 dixit,
1023 3948 1162 4013 nondum
1184 3966 1289 4031 recep-

175 4179 389 4234 laistrano
481 4177 514 4232 14
536 4176 622 4248 Tune]
644 4181 672 4232 et
689 4177 793 4234 hunos
885 4177 918 4231 18
941 4175 1060 4246 regibus,
1079 4174 1178 4230 omisso
1198 4189 1290 4243 quaa

139 4271 173 4324 19
197 4266 417 4322 testimoniuma
490 4267 524 4322 28
551 4267 659 4322 diuinae
679 4267 706 4319 h'
780 4267 815 4322 30
834 4268 862 4320 et
881 4281 964 4320 oms
1036 4266 1070 4319 32
1090 4263 1176 4318 sensit
1194 4262 1289 4332 etiam]

139 4356 340 4412 seutentiams
