3136 4928
369 416 419 468 De
448 415 623 468 ciuitate
652 415 712 468 dei
740 415 805 468 lib.
834 415 881 470 XI.
910 433 984 484 cap.
1012 417 1052 470 11.
1219 421 1283 482 529

134 611 231 675 dnbio
258 630 319 675 non
352 611 413 675 nisi
445 613 571 674 aeterna
604 613 653 675 est
685 611 944 692 aeternitatisque
973 630 1049 676 suae
1074 615 1159 677 certa
1182 611 1283 695 adque

133 737 258 794 secura;
296 718 352 782 sed
384 717 569 782 rationalem
603 718 702 782 uitam
729 717 813 788 licet
843 717 1046 798 insipientem
1080 719 1126 783 sic
1159 718 1283 795 habent,

133 827 171 888 ut
194 843 263 888 eam
286 843 347 889 non
372 824 497 908 possint
520 825 675 899 amittere,
700 841 758 888 nec
782 822 808 887 si
833 823 944 894 uelint.
979 823 1142 904 Quatenus
1167 835 1282 902 autem,

134 934 302 1012 antequam
322 934 517 1014 peccassent,
532 931 620 995 illius
640 929 812 1014 sapientiae
827 930 945 994 fuerint
958 931 1139 1015 participes,
1156 931 1284 996 definire

101 1037 206 1118 aquis
230 1040 357 1120 potest?
381 1037 415 1100 In
441 1038 509 1100 eius
533 1041 638 1100 tamen
659 1036 898 1120 participatione
919 1039 1065 1118 aequales
1084 1037 1184 1103 fuisse
1203 1040 1283 1102 istos
1386 1031 1390 1042 '

133 1143 209 1220 illis,
235 1144 289 1226 qui
316 1149 482 1225 propterea
504 1163 578 1208 uere
602 1145 755 1227 pleneque
779 1143 863 1208 beati
888 1147 973 1214 sunt,
998 1145 1146 1226 quoniam
1169 1164 1283 1227 nequa·

134 1267 229 1329 quarn
264 1249 301 1313 de
334 1269 409 1314 suae
441 1248 649 1314 beatitudinis
683 1251 868 1316 aeternitate
901 1249 1065 1329 falluntur,
1095 1269 1156 1333 quo
1190 1251 1284 1315 modo

135 1355 252 1419 dicturi
283 1360 416 1421 sumus?
446 1356 569 1438 quando
605 1357 732 1440 quidem
767 1357 794 1421 si
828 1355 975 1440 aequales
1008 1359 1039 1420 in
1074 1376 1110 1421 ea
1139 1357 1283 1434 luissent,

135 1462 232 1526 etiam
266 1463 319 1526 isti
348 1463 379 1526 in
409 1463 478 1526 eius
508 1463 692 1527 aeternitate
721 1464 914 1528 mansissent
942 1464 1060 1546 pariter
1086 1464 1181 1532 beati,
1211 1463 1286 1546 quia

93 1598 116 1633 ιο
134 1569 252 1651 pariter
282 1571 368 1633 certi.
402 1568 512 1650 Neque
542 1570 623 1633 enirn
650 1570 736 1634 sicut
761 1571 836 1646 uita,
861 1569 1152 1663 quamdiucumque
1180 1570 1285 1644 fuerit,

134 1675 180 1738 ita
207 1679 332 1739 aeterna
359 1675 427 1739 nita
454 1675 611 1740 ueraciter
634 1676 696 1740 dici
720 1677 845 1760 poterit,
876 1677 902 1740 si
921 1677 1024 1765 *tinem
1052 1676 1200 1742 habitura
1228 1677 1284 1751 sit3

136 1781 163 1846 si
191 1781 319 1864 quidem
343 1782 411 1847 uita
438 1783 657 1848 tantummodo
681 1783 829 1857 uiuendo,
856 1779 982 1847 aeterna
1005 1803 1080 1850 uero
1105 1783 1199 1848 tinem
1224 1802 1285 1847 non

134 1888 278 1952 habendo
315 1889 475 1952 nominata
494 1893 566 1968 est.
614 1886 812 1971 Quapropter
845 1891 992 1972 quamuis
1026 1910 1097 1966 non,
1132 1889 1285 1972 quidquid

136 1978 487 2071 aeter·1mm,'continuo
516 1995 645 2058 beatum
676 1995 718 2059 sit
747 1993 878 2078 (dicitur
906 1997 989 2060 enim
1019 1997 1114 2061 etiam
1144 1996 1285 2080 poenalis

92 2129 116 2167 η
133 2100 217 2184 ignis
242 2103 418 2187 aeternus):
441 2106 548 2166 tannen
573 2102 600 2165 si
624 2121 698 2166 uere
722 2103 923 2185 perfecteque
946 2102 1039 2167 beata
1058 2103 1126 2168 uita
1144 2122 1204 2166 non
1224 2103 1285 2167 nisi

135 2211 262 2272 aeterna
294 2212 353 2282 est,
381 2227 442 2272 non
476 2212 542 2272 erat
573 2208 647 2272 talis
681 2209 827 2283 istorum,
858 2209 1045 2292 quandoque
1080 2209 1222 2273 desitura
1255 2211 1287 2272 et

137 2318 302 2396 propterea
330 2335 390 2379 non
420 2319 556 2392 aeterna,
587 2314 655 2379 siue
683 2315 716 2378 id
744 2317 870 2390 scirent,
895 2316 963 2379 siue
992 2315 1170 2380 nescientes
1200 2315 1285 2378 aliud

137 2424 298 2502 putarent3
334 2422 407 2504 quia
440 2422 576 2485 scientes
609 2422 714 2498 timor,
748 2423 924 2486 nescientes
958 2441 1042 2486 error
1072 2422 1182 2486 beatos
1216 2439 1286 2486 esse

136 2529 248 2609 utique
272 2547 331 2592 non
356 2528 488 2594 sinebat.
514 2527 547 2593 Si
571 2532 678 2592 autem
702 2529 762 2592 hoc
785 2529 830 2591 ita
853 2529 1043 2603 nesciebant,
1067 2531 1104 2591 ut
1127 2527 1218 2591 falsie
1241 2527 1286 2590 in-

92 2665 118 2705 so
137 2634 274 2710 certisue
302 2654 363 2698 non
390 2634 532 2702 fiderent,
557 2633 612 2698 sed
640 2639 747 2697 utrum
776 2634 1002 2717 sempiternum
1032 2653 1068 2698 an
1099 2633 1286 2716 quandoque

137 2739 229 2803 linem
254 2740 436 2805 habiturum
462 2745 547 2804 esset
569 2741 686 2804 bonum
713 2759 817 2816 suum,
837 2741 868 2804 in
893 2743 1035 2804 neutram
1056 2745 1177 2822 partem
1197 2740 1287 2802 firma

136 2845 323 2934 adsensione
356 2848 523 2912 ferrentur:
557 2848 627 2930 ipsa
660 2847 697 2911 de
731 2851 819 2912 tanta
846 2848 998 2911 felicitate
1028 2847 1187 2911 cunctatio
1218 2865 1285 2909 eam

134 2933 246 3016 beatae
270 2952 355 3016 uitae
378 2953 621 3034 plenitudinem,
641 2973 735 3035 quam
761 2953 791 3015 in
817 2953 935 3016 sanctis
959 2952 1079 3035 angelis
1100 2971 1170 3017 esse
1190 2952 1286 3016 credi·

134 3077 218 3135 mus,
242 3076 303 3128 non
332 3058 478 3123 habebat.
517 3059 628 3140 Neque
658 3059 740 3122 enim
769 3058 879 3122 beatae
908 3059 993 3122 uitae
1022 3058 1213 3123 uocabulum
1241 3058 1288 3122 ita

90 3199 115 3238 εδ
135 3165 352 3230 contrahimus
385 3165 424 3228 ad
456 3164 609 3248 quasdam
643 3164 884 3248 significationis
913 3165 1088 3247 angustias,
1117 3169 1155 3228 ut
1182 3165 1286 3228 solum

133 3273 239 3336 Deum
272 3271 415 3336 dicamus
448 3272 592 3346 beatum:
627 3273 680 3354 qui
709 3276 816 3335 tamen
845 3290 918 3335 uere
946 3272 992 3334 ita
1020 3271 1133 3336 beatus
1163 3274 1222 3350 est,
1251 3274 1288 3335 ut

133 3378 236 3442 maior
257 3377 422 3441 beatitudo
443 3397 513 3440 esse
537 3395 597 3440 non
623 3376 737 3458 possit,
761 3375 792 3438 in
822 3377 913 3439 cuius
943 3377 1172 3459 conparatione,
1202 3375 1287 3458 quod

133 3485 238 3569 angeli
262 3484 347 3549 beati
372 3487 446 3547 sunt
470 3502 594 3548 summa
615 3482 750 3564 quadam
771 3503 829 3546 sna
850 3483 1058 3560 beatitudine,
1079 3487 1198 3566 quanta
1216 3501 1286 3547 esse

132 3591 163 3656 in
188 3591 311 3674 angelis
335 3593 451 3673 potest,
477 3589 553 3672 quid
578 3594 633 3652 aut
656 3592 810 3672 quantum
835 3589 906 3653 est?

168 3940 184 3990 2
209 3937 257 3990 sed
276 3937 370 4004 codd.‚·
388 3935 435 3989 sed
456 3939 517 3990 eto
608 3938 623 3990 6
647 3935 722 4006 uere]
741 3935 843 3988 habere
862 3940 880 3994 t.
899 3934 973 4003 quod
991 3935 1022 3987 ia
1041 3933 1195 4002 exemplari
1212 3934 1288 3986 cade

133 4027 286 4095 descriptus
305 4031 343 4079 est
363 4031 380 4089 1,
400 4025 464 4078 berc
484 4030 630 4080 acrarum
644 4030 705 4077 erat
761 4025 792 4077 17
813 4023 929 4078 scientes
948 4023 973 4074 V
1028 4023 1061 4076 19
1081 4022 1193 4076 incertis
1207 4027 1287 4075 nont

132 4144 167 4196 22
187 4141 377 4196 adsensionem
398 4140 440 4194 l¹t
513 4141 707 4195 cohibebant
731 4140 766 4206 V,·
785 4095 890 4194 habitant
908 4139 939 4205 b,·
956 4139 1096 4207 habentp
1173 4138 1207 4192 26
1227 4153 1286 4192 esse

132 4230 249 4286 beatum
268 4248 288 4284 e·
353 4247 418 4284 uero
438 4247 452 4284 e
527 4232 568 4283 its
585 4246 649 4284 nere
666 4247 683 4282 o
755 4231 789 4282 27
808 4231 902 4298 posset
921 4228 948 4281 in
968 4228 1026 4281 eius
1045 4233 1057 4280 t
1129 4228 1163 4280 28
1183 4241 1288 4280 summa

132 4320 248 4392 quadam
269 4337 319 4374 soa
342 4321 381 4386 V;
453 4336 501 4372 sua
520 4336 625 4372 summa
644 4317 760 4387 quadam
779 4319 836 4372 rell.
856 4335 872 4372 o
890 4317 990 4372 Dauo.

161 4449 243 4488 xxxx
258 4447 317 4496 Αιις.
333 4455 404 4496 opero
418 4444 492 4486 Sestio
506 4444 526 4484 V
541 4453 594 4494 pars
610 4444 627 4482 1.
1216 4421 1251 4476 34
