3072 4930
368 445 419 498 De
448 445 622 500 ciuitate
651 445 712 500 dei
740 445 804 500 lib.
833 445 864 501 V.
894 461 969 516 cap.
998 447 1041 500 23.
1213 449 1278 512 259

132 640 389 717 commemorant,
423 637 489 715 aad,
523 643 676 720 qnantum
707 640 739 704 in
772 641 852 724 ipsis
887 645 946 720 est,
980 643 1122 708 omnium
1155 643 1192 706 si'
1210 641 1278 706 fieri

131 748 239 826 potest
261 745 426 810 hominum
451 745 611 812 obliuione
636 746 769 828 sepelire
794 753 960 826 conantum
986 748 1070 831 quod
1093 747 1225 814 anobis
1250 749 1277 812 si

131 850 299 926 tacebitur,
337 850 485 914 similiter
521 850 639 916 erimus
676 851 801 935 ingrati.
858 851 938 917 Cum
975 852 1184 936 Radagaisus,
1226 871 1279 918 rex

132 955 320 1034 Gothorum,
353 956 478 1040 agmine
510 957 631 1046 ingenti
665 961 697 1022 et
728 958 846 1023 inmani
877 959 941 1023 iam
973 959 1005 1023 in
1033 958 1129 1026 Urbis
1162 958 1279 1024 uicinia

102 1091 115 1128 e
132 1065 327 1129 constitutus
347 1063 497 1128 Romanis
522 1064 700 1130 ceruicibus
718 1065 896 1142 inmineret,
917 1085 979 1130 uno
995 1065 1045 1131 die
1064 1068 1151 1130 tanta
1171 1065 1278 1130 celeri·

131 1173 195 1234 tate
225 1170 272 1235 sic
304 1170 411 1234 uictus
444 1173 503 1248 est,
537 1175 574 1235 ut
602 1189 640 1238 ne
669 1190 730 1236 uno
756 1171 884 1254 quidem
912 1191 972 1237 non
997 1171 1099 1236 dicam
1128 1171 1277 1244 extincto,

131 1277 185 1342 sed
206 1277 374 1342 uulnerato
388 1278 601 1342 Romanorum
622 1277 723 1346 multo
743 1279 880 1360 amplius
901 1297 995 1360 quam
1011 1280 1137 1342 centum
1154 1277 1278 1342 milium

129 1387 381 1466 prosterneretur
413 1385 482 1448 eius
511 1385 666 1452 exercitus
695 1385 797 1468 adque
826 1387 894 1468 ipse
928 1403 1001 1450 mon
1033 1387 1145 1467 captus
1178 1403 1279 1465 poena

130 1490 238 1555 debita
260 1495 434 1556 necaretur.
471 1489 553 1555 Nam
577 1491 604 1555 si
626 1490 682 1560 ille
704 1494 771 1556 tam
793 1492 901 1574 inpius
925 1511 998 1555 cum
1026 1491 1124 1555 tantis
1154 1497 1186 1555 et
1212 1499 1278 1554 tam

90 1622 114 1660 ιο
129 1598 224 1680 inpiis
253 1596 354 1680 copiis
376 1597 510 1662 Romam
537 1597 654 1662 fuisset
681 1598 853 1682 ingressus.
887 1598 939 1662 cui
960 1597 1177 1680 pepercisset?
1211 1596 1279 1679 qui-

129 1705 189 1768 bus
207 1703 290 1768 locis
315 1707 487 1787 martyrum
508 1705 657 1769 honorem
677 1703 868 1772 detulisset?
891 1705 922 1768 in
943 1722 1005 1787 qua
1023 1721 1155 1785 persona
1173 1701 1277 1768 Deum

131 1809 281 1875 timeret?
306 1811 399 1874 ouius
424 1811 694 1894 consanguinem
720 1811 836 1886 iusum,
861 1811 952 1876 cuius
972 1809 1159 1892 pudicitiam
1178 1810 1280 1874 uellet

130 1918 304 1982 intactam?
329 1914 414 1995 Ques
434 1920 541 1981 autem
559 1918 615 1981 isti
633 1937 688 1999 pro
709 1917 757 1982 dis
777 1918 845 1984 suis
865 1935 961 1981 uoces
981 1917 1141 1991 haberent,
1162 1919 1280 1999 quanta

131 2023 338 2088 insultatione
361 2025 525 2102 ianiarent,
559 2024 644 2108 quod
667 2025 722 2089 ille
746 2025 817 2092 ideo
842 2025 985 2096 uicisset,
1019 2024 1090 2090 ideo
1114 2027 1202 2089 tanta
1224 2043 1278 2106 po-

92 2151 115 2189 n
130 2131 260 2207 tuisset,
294 2131 368 2212 quie
401 2130 582 2195 cottidianis
616 2130 778 2197 saonficiis
808 2131 954 2214 placabat
986 2130 1089 2214 adque
1122 2129 1279 2194 inuitabat

131 2236 217 2314 deos,
252 2235 337 2318 quod
370 2237 527 2302 Romanos
560 2238 661 2302 lacere
693 2237 871 2304 Christiana
898 2237 1010 2320 religio
1043 2256 1103 2302 non
1133 2235 1278 2304 sinebat?

129 2343 209 2407 Nam
234 2343 464 2426 propinquante
487 2343 551 2407 iam
574 2344 630 2409 illo
654 2344 703 2408 his
726 2344 817 2422 locis,
841 2344 895 2410 ubi
920 2347 999 2407 nutu
1020 2361 1164 2407 summae
1183 2342 1278 2406 maie·

130 2451 223 2516 statis
249 2449 421 2532 obpressus
441 2453 500 2526 est,
526 2469 597 2514 cum
618 2451 686 2515 eius
706 2450 790 2515 lama
808 2451 926 2536 ubique
946 2450 1166 2524 crebresceret,
1186 2449 1278 2514 nobis

130 2561 208 2638 aput
232 2555 456 2640 Carthaginem
482 2555 654 2632 dicebatur,
683 2557 742 2621 hoc
768 2557 892 2621 credere
917 2574 1063 2639 spargere
1087 2555 1203 2619 iactare
1226 2574 1279 2637 pa-

89 2690 114 2729 ro
131 2681 241 2746 genoe,
276 2661 361 2743 quod
392 2663 447 2727 ille
478 2661 526 2727 dis
559 2663 670 2728 amicis
699 2663 939 2746 protegentibus
975 2665 1006 2726 et
1034 2661 1278 2743 opitulantibus,

131 2769 248 2850 quibus
273 2767 436 2831 immolare
461 2765 591 2832 cottidie
615 2766 784 2843 ferebatur,
817 2767 903 2831 uinci
932 2766 1056 2832 omnino
1086 2786 1146 2831 non
1169 2770 1281 2849 posset

132 2876 168 2940 ab
193 2876 251 2952 eis,
286 2875 341 2956 qui
365 2873 442 2938 talia
465 2872 514 2938 dis
538 2873 689 2938 Romanis
718 2891 806 2938 sacra
833 2893 894 2938 non
924 2873 1063 2938 lacerent
1090 2891 1147 2938 nec
1170 2872 1237 2937 lieri
1261 2892 1279 2936 a

132 2997 292 3064 quoquam
325 2981 555 3064 permitterent.
595 2980 637 3045 Et
665 2999 727 3044 non
759 2984 859 3064 agunt
890 2980 998 3044 miseri
1026 2980 1144 3064 gratias
1172 2982 1278 3044 tantae

131 3087 364 3154 misericordiae
403 3087 472 3164 Dei,
506 3087 561 3169 qui
594 3105 673 3160 cum,
701 3087 869 3152 statuisset
899 3087 1079 3170 inruptione
1117 3085 1279 3152 barbarica

165 3410 181 3463 2
201 3407 342 3463 oblibione
361 3408 485 3478 sepellire
504 3409 530 3462 L
615 3409 630 3462 3
650 3424 733 3476 quum
752 3407 878 3462 radendo
896 3408 928 3461 ia
947 3425 1006 3462 cum
1026 3424 1094 3464 corr.
1112 3407 1153 3476 L,·
1172 3407 1280 3474 Quare

130 3498 291 3568 radagaisus
309 3497 380 3550 Ln¹
392 3497 488 3566 adep
500 3497 543 3550 olo
556 3499 589 3563 ᾖ·
608 3497 774 3566 radagaysus
789 3495 839 3564 d²;
856 3497 1029 3566 radagaissus
1047 3497 1081 3564 0,·
1099 3497 1235 3566 radglisus
1249 3499 1265 3552 b
1271 3518 1280 3564 ;

130 3587 290 3658 radagaisus
309 3603 339 3654 q,·
357 3585 579 3656 Rhadagaisuso
647 3587 663 3638 ὁ
683 3585 832 3640 cerbicibus
852 3583 878 3638 L
945 3587 961 3640 6
982 3587 1085 3640 extinto
1107 3585 1130 3638 C
1196 3587 1210 3640 7
1231 3586 1279 3640 sed

165 3703 249 3766 uuln,
265 3719 316 3756 nec
330 3719 364 3755 m.
379 3705 407 3764 2,
422 3719 435 3755 e
489 3701 505 3755 8
524 3701 582 3771 ipse
602 3719 662 3754 mox
681 3705 775 3770 captus
795 3701 873 3758 codd.
888 3707 996 3806 excepte
1011 3719 1033 3764 e,
1048 3702 1096 3770 pai
1104 3707 1170 3769 post
1184 3705 1279 3771 captus

130 3817 212 3872 babet
231 3835 292 3872 cum
311 3817 388 3882 filiis,
409 3817 466 3887 ipse
486 3835 545 3872 cum
565 3815 628 3870 tiliis
646 3833 706 3870 mox
726 3821 855 3887 captuso
927 3819 943 3871 9
963 3821 1034 3870 etaru
1057 3817 1080 3870 0
1142 3817 1175 3871 10
1194 3818 1279 3888 copiis

129 3913 280 3976 m.1s·up.
302 3907 385 3960 lime
488 3906 586 3976 quibus
610 3906 676 3960 locis
696 3911 843 3974 martyrum
863 3906 991 3959 honorem
1011 3905 1086 3972 Ln,·
1113 3905 1211 3973 quibus
1230 3905 1279 3958 ho-

129 4013 220 4050 norem
242 3996 310 4050 locis
330 3999 408 4051 mart.
431 3995 454 4048 C
470 3996 564 4049 rellan
656 3995 688 4048 12
708 3995 833 4048 belletL
925 3995 957 4050 13
976 3995 1088 4048 istiem.
1105 3993 1133 4046 α1
1230 3993 1279 4048 ha-

130 4085 227 4140 berent
237 4124 371 4140 ........
381 4089 460 4138 mnia
477 4087 546 4138 Μ
565 4083 596 4138 ia
613 4099 698 4152 marp.
714 4083 831 4152 infami
887 4085 919 4138 lb
939 4081 1105 4152 placaratL
1161 4083 1192 4136 17
1211 4082 1278 4136 locis

130 4175 172 4228 bis
191 4174 411 4242 transpositione
429 4173 589 4242 sipaijicatc
608 4175 632 4225 A
701 4172 733 4225 19
752 4171 848 4228 Karth.
869 4189 886 4222 α
904 4171 1002 4225 Domb.
1075 4187 1201 4242 spargere
1219 4186 1279 4238 sup.

132 4265 179 4319 lin.
204 4263 366 4317 correctoria
386 4277 474 4314 mana
501 4263 536 4326 C;
563 4275 707 4330 aspergere
730 4262 753 4313 Λ
880 4261 912 4314 21
942 4260 1090 4320 immolare,
1114 4259 1178 4312 imm
1201 4275 1235 4313 m.
1260 4263 1281 4312 2

129 4353 160 4405 in
176 4369 280 4416 roa.,c

1193 4451 1242 4506 17*
