3136 4928
358 453 408 506 De
438 454 612 508 ciuitate
641 454 703 507 dei
730 454 796 509 lib.
820 455 867 510 XI.
892 472 968 526 oap.
994 457 1018 514 2.
1038 457 1063 512 3.
1229 460 1295 523 513

144 648 274 714 seriores
307 667 391 725 suas,
421 667 499 730 quas
533 647 628 712 etiarn
662 666 735 712 oum
766 647 935 730 pecoribus
968 668 1153 714 communes
1186 651 1294 716 habet.

70 747 74 753 ’
144 755 209 821 Sed
233 755 306 837 quia
328 755 399 836 ipsa
422 773 521 832 mens,
541 755 594 818 eui
611 754 692 818 ratio
713 757 745 818 et
762 755 980 839 intellegentia
997 757 1183 821 naturaliter
1200 757 1295 835 inest,

143 862 234 926 uitiis
271 861 461 944 quibusdam
498 861 676 926 tenebrosis
710 863 742 926 et
774 861 937 926 ueteribus
969 862 1110 927 inualida
1142 867 1201 945 est,
1232 883 1294 928 non

144 970 249 1035 solum
278 969 316 1034 ad
338 968 565 1033 inhaerendum
588 967 731 1045 fruendo,
755 987 868 1032 uerum
893 969 988 1033 etiam
1013 968 1052 1033 ad
1075 969 1293 1052 perferendum

112 1075 403 1141 siueommutabile
432 1076 551 1152 lumen,
578 1074 675 1138 donee
704 1073 742 1138 de
772 1073 822 1138 die
850 1075 881 1138 in
910 1075 995 1140 diem
1017 1079 1169 1141 renouata
1192 1077 1294 1160 adque

144 1185 254 1246 sanata
271 1182 328 1246 fiat
345 1185 450 1246 tantae
469 1181 633 1246 felieitatis
653 1200 759 1263 capax,
779 1181 840 1245 lide
858 1181 995 1264 primum
1015 1183 1117 1247 fuerat
1134 1184 1293 1248 inbuenda

143 1288 245 1371 adque
274 1288 445 1373 purganda.
473 1289 509 1352 In
533 1307 596 1371 qua
617 1291 655 1352 ut
678 1287 827 1352 fidentius
852 1288 1029 1353 ambularet
1052 1289 1092 1354 ad
1114 1291 1293 1368 ueritatem,

141 1396 212 1478 ipsa
239 1397 367 1474 ueritas,
390 1396 478 1461 Deus
502 1395 562 1460 Dei
585 1395 681 1472 filins,
706 1396 833 1460 bomine
862 1396 1020 1475 adsumto,
1040 1416 1099 1462 non
1125 1397 1192 1462 Deo
1222 1417 1292 1462 eou-

143 1505 262 1580 aumto‚
291 1502 422 1568 eandem
455 1502 623 1568 constituit
655 1505 686 1566 et
714 1502 861 1567 fundauit
888 1501 993 1580 fidem,
1022 1509 1059 1568 ut
1087 1503 1126 1568 nd
1153 1505 1292 1570 hominis

98 1632 124 1670 10
142 1607 247 1672 Deum
275 1609 337 1673 iter
365 1611 451 1673 esset
478 1608 598 1673 bomini
625 1628 681 1691 per
709 1609 870 1674 hominem
895 1609 1007 1674 Ileurn.
1045 1609 1107 1674 Hie
1136 1613 1186 1675 est
1209 1611 1291 1675 enirn

141 1715 299 1780 mediator
316 1716 376 1780 Dei
401 1719 433 1780 et
450 1715 625 1794 hominurn,
645 1716 739 1782 homo
761 1716 907 1782 christus
925 1717 1026 1782 Iesus.
1051 1717 1111 1781 Per
1130 1718 1189 1782 hoo
1208 1718 1290 1782 eninr

142 1821 307 1900 mediator,
331 1841 387 1905 ρετ
414 1822 498 1904 quod
527 1823 632 1896 homo,
656 1842 712 1904 per
738 1823 799 1886 hoc
823 1827 855 1887 et
878 1823 941 1887 uia.
979 1823 1136 1904 Quoniam
1160 1824 1188 1888 si
1209 1825 1292 1889 inter

143 1946 216 1992 eum
245 1929 299 2011 qui
326 1928 429 1994 tendit
456 1933 488 1993 et
515 1929 596 1993 illud
625 1949 686 2012 quo
714 1929 816 1994 tendit
843 1931 897 1994 uia
925 1929 1030 1994 media
1058 1934 1116 2008 est,
1141 1949 1213 2012 spes
1243 1937 1292 1996 est

140 2035 357 2116 perueniendi;
391 2035 418 2100 si
451 2039 555 2100 autern
590 2035 672 2101 desit
705 2037 955 2119 eut'iguoretnr
987 2055 1049 2118 qua
1077 2037 1212 2102 eundum
1238 2037 1290 2115 sit,

96 2165 122 2205 rs
142 2141 219 2224 quid
241 2140 372 2224 prodest
393 2159 487 2206 nosse
511 2160 572 2223 quo
598 2141 737 2207 eundum
762 2141 825 2206 sit?
850 2141 924 2206 Sola
943 2145 992 2206 est
1010 2144 1115 2206 autem
1136 2142 1289 2208 aduersus

142 2267 251 2314 omnes
285 2267 403 2313 errores
435 2248 488 2312 uia
520 2247 745 2325 munitissima,
778 2252 815 2311 ut
846 2248 930 2312 idern
963 2247 1032 2330 ipse
1065 2248 1108 2312 sit
1138 2248 1225 2314 Deus
1258 2253 1290 2314 et

140 2356 249 2431 homo;
276 2373 337 2438 quo
360 2355 425 2419 itur
448 2355 545 2432 Deus,
570 2373 633 2437 qua
655 2354 720 2418 itur
743 2356 848 2420 homo.

605 2547 741 2612 CAPUT
764 2547 820 2612 ΙΙΙ.

140 2691 194 2756 De
215 2690 467 2755 auctoritate
487 2689 706 2754 canonicae
726 2689 960 2772 scripturae
980 2690 1119 2755 diuino
1136 2690 1287 2773 spiritu

92 2823 121 2863 ao
618 2796 815 2860 conditae.

183 2939 246 3003 Hie
274 2939 360 3021 prius
388 2957 444 3020 per
471 2937 651 3020 prophetas,
678 2936 789 3001 deinde
816 2955 872 3020 ρετ
901 2955 934 3000 se
957 2937 1074 3020 ipsum,
1098 2939 1210 3019 postea
1233 2957 1289 3020 per

139 3046 314 3127 apostolos,
333 3045 486 3128 quantum
511 3043 589 3108 satis
613 3063 683 3108 ease
707 3043 872 3124 iudicauit,
891 3043 1019 3108 loeutus
1040 3044 1133 3108 etiam
1154 3045 1287 3127 seriptu-

137 3171 203 3216 ram
229 3149 380 3227 condidit,
399 3168 478 3232 quae
503 3149 653 3214 canonica
675 3148 864 3224 nominatur,
889 3150 1157 3214 emiuentissimae
1176 3156 1288 3215 aueto-

136 3257 254 3335 ritatis‚
282 3256 333 3321 oui
361 3255 455 3320 fidem
484 3255 639 3320 hebernus
669 3255 706 3319 de
735 3255 784 3320 bis
813 3254 919 3334 rebus,
948 3275 1026 3337 quas
1054 3257 1197 3340 ignorare
1226 3276 1286 3322 uon

90 3389 119 3428 as
138 3363 265 3447 expedit
295 3379 353 3427 neo
380 3381 437 3444 per
463 3379 521 3426 nos
549 3361 638 3445 ipsos
667 3379 761 3426 nosse
790 3361 893 3426 idonei
923 3382 1045 3428 sumus.
1083 3362 1164 3428 Nom
1194 3363 1221 3427 si
1249 3383 1287 3427 ea

136 3471 210 3536 seiri
233 3475 369 3552 possunt
390 3469 529 3533 testibus
552 3469 654 3545 nobis,
675 3487 754 3551 quae
777 3473 900 3534 remota
922 3489 983 3535 non
1008 3473 1084 3536 sunt
1101 3489 1119 3534 a
1138 3471 1285 3535 sensibus

134 3577 254 3643 nostris
278 3576 348 3642 siue
371 3574 572 3640 interioribus
597 3575 666 3640 siue
691 3577 786 3640 etiam
806 3575 1012 3642 exterioribus
1034 3577 1129 3662 (uude
1150 3580 1182 3641 et
1198 3596 1285 3660 prae-

135 3683 240 3749 sentia
266 3686 498 3764 nuncupantur,
523 3681 608 3765 quod
634 3683 679 3747 ita
708 3700 745 3747 ee
772 3682 908 3748 dicimus
937 3701 1008 3748 esse
1030 3703 1104 3766 prae
1128 3684 1284 3764 sensibus,

169 3960 263 4058 2¹nest
286 4004 312 4058 V
373 4005 471 4075 uude]
492 4003 598 4059 sidet
661 3971 938 4069 sdeosssssumrov
990 4007 1285 4075 9etnrea.;atqueo

130 4095 167 4149 ad
188 4093 326 4148 homiuem
342 4111 371 4164 p,
391 4100 543 4150 cucerat
617 4095 647 4149 ll
677 4095 729 4149 Per
740 4136 817 4152 .....
828 4095 909 4149 horno
928 4111 979 4148 om.
1005 4095 1031 4147 V
1102 4097 1134 4148 12
1160 4096 1183 4148 si
1202 4096 1285 4164 interl

131 4184 225 4237 sinet
298 4184 330 4237 13
356 4200 440 4239 eom.
462 4188 731 4238 2eneuruoorr.t
820 4185 867 4238 uia
885 4184 973 4238 media
992 4190 1075 4238 om.t
1148 4186 1181 4237 14
1200 4200 1284 4252 queo

129 4273 179 4327 nia
200 4269 288 4324 eunda
306 4273 344 4324 sit
361 4289 396 4325 m.
416 4276 435 4326 2
453 4273 485 4326 iu
502 4287 559 4325 ras.
579 4287 592 4325 e
652 4272 688 4326 22
706 4272 834 4342 loquetur
854 4273 864 4326 l
918 4273 953 4326 24
972 4274 1014 4327 eni
1034 4289 1066 4326 ea
1085 4275 1147 4326 tuae
1166 4288 1235 4327 corr.
1259 4271 1286 4326 V

130 4363 167 4416 25
187 4377 237 4414 uos
255 4365 313 4414 met
331 4359 440 4430 ipsese
511 4361 594 4431 Nam]
614 4364 703 4414 utrum
723 4367 734 4414 t
788 4361 821 4414 28
841 4362 1030 4431 praesentibus
1050 4368 1060 4416 l

159 4487 241 4526 xxxx
256 4485 316 4534 Aug.
332 4495 403 4536 opera
416 4485 492 4527 settle
506 4485 526 4525 V
540 4495 593 4535 ριτι
608 4485 627 4524 l.
1211 4468 1245 4522 33
