<?xml version="1.0" encoding="UTF-8"?>
<!DOCTYPE html PUBLIC "-//W3C//DTD XHTML 1.0 Transitional//EN"
    "http://www.w3.org/TR/xhtml1/DTD/xhtml1-transitional.dtd">
<html xmlns="http://www.w3.org/1999/xhtml" xml:lang="en" lang="en">
 <head>
  <title>
</title>
<meta http-equiv="Content-Type" content="text/html;charset=utf-8" />
  <meta name='ocr-system' content='tesseract 3.04.00' />
  <meta name='ocr-capabilities' content='ocr_page ocr_carea ocr_par ocr_line ocrx_word'/>
</head>
<body>
  <div class='ocr_page' id='page_1' title='image "./corpusscriptoru20wiengoog_0465.png"; bbox 0 0 3136 4934; ppageno 0'>
   <div class='ocr_carea' id='block_1_1' title="bbox 306 437 1107 507">
    <p class='ocr_par' dir='ltr' id='par_1_1' title="bbox 306 437 1107 507">
     <span class='ocr_line' id='line_1_1' title="bbox 306 437 1107 507; baseline -0.009 -9"><span class='ocrx_word' id='word_1_1' title='bbox 306 445 370 504; x_wconf 76' lang='grc'>434</span> <span class='ocrx_word' id='word_1_2' title='bbox 510 455 512 462; x_wconf 93' lang='grc'><strong><em>·</em></strong></span> <span class='ocrx_word' id='word_1_3' title='bbox 582 455 584 462; x_wconf 80' lang='grc'><strong>“</strong></span> <span class='ocrx_word' id='word_1_4' title='bbox 653 437 1107 507; x_wconf 80' lang='lat' dir='ltr'>S.Aure&#39;liiAugustini</span> 
     </span>
    </p>
   </div>
   <div class='ocr_carea' id='block_1_2' title="bbox 305 631 1448 716">
    <p class='ocr_par' dir='ltr' id='par_1_2' title="bbox 305 631 1448 716">
     <span class='ocr_line' id='line_1_2' title="bbox 305 631 1448 716; baseline -0.001 -18"><span class='ocrx_word' id='word_1_5' title='bbox 305 639 337 698; x_wconf 85' lang='lat' dir='ltr'>et</span> <span class='ocrx_word' id='word_1_6' title='bbox 359 633 468 698; x_wconf 89' lang='lat' dir='ltr'>uidere</span> <span class='ocrx_word' id='word_1_7' title='bbox 493 633 696 710; x_wconf 86' lang='lat' dir='ltr'>contaminat,</span> <span class='ocrx_word' id='word_1_8' title='bbox 716 633 864 697; x_wconf 87' lang='lat' dir='ltr'>uidentur</span> <span class='ocrx_word' id='word_1_9' title='bbox 883 632 920 697; x_wconf 90' lang='lat' dir='ltr'>ab</span> <span class='ocrx_word' id='word_1_10' title='bbox 941 631 1122 696; x_wconf 89' lang='lat' dir='ltr'>hominibus</span> <span class='ocrx_word' id='word_1_11' title='bbox 1143 631 1184 708; x_wconf 85' lang='lat' dir='ltr'>ni,</span> <span class='ocrx_word' id='word_1_12' title='bbox 1206 651 1285 716; x_wconf 87' lang='lat' dir='ltr'>quos</span> <span class='ocrx_word' id='word_1_13' title='bbox 1305 633 1448 698; x_wconf 89' lang='lat' dir='ltr'>nisibiles</span> 
     </span>
    </p>
   </div>
   <div class='ocr_carea' id='block_1_3' title="bbox 305 737 1448 823">
    <p class='ocr_par' dir='ltr' id='par_1_3' title="bbox 305 719 1548 823">
     <span class='ocr_line' id='line_1_3' title="bbox 305 737 1448 823; baseline 0.001 -20"><span class='ocrx_word' id='word_1_14' title='bbox 305 741 392 817; x_wconf 87' lang='lat' dir='ltr'>dicit,</span> <span class='ocrx_word' id='word_1_15' title='bbox 416 740 603 805; x_wconf 85' lang='lat' dir='ltr'>‘clarissima</span> <span class='ocrx_word' id='word_1_16' title='bbox 627 741 738 804; x_wconf 89' lang='lat' dir='ltr'>mundi</span> <span class='ocrx_word' id='word_1_17' title='bbox 759 738 892 804; x_wconf 88' lang='lat' dir='ltr'>lumina&#39;</span> <span class='ocrx_word' id='word_1_18' title='bbox 915 743 947 803; x_wconf 87' lang='lat' dir='ltr'>et</span> <span class='ocrx_word' id='word_1_19' title='bbox 974 742 1078 803; x_wconf 86' lang='lat' dir='ltr'>cetera</span> <span class='ocrx_word' id='word_1_20' title='bbox 1107 737 1219 816; x_wconf 85' lang='lat' dir='ltr'>sidera,</span> <span class='ocrx_word' id='word_1_21' title='bbox 1253 741 1448 823; x_wconf 86' lang='lat' dir='ltr'>tutioresque</span> 
     </span>
    </p>
   </div>
   <div class='ocr_carea' id='block_1_4' title="bbox 305 847 1447 931">
    <p class='ocr_par' dir='ltr' id='par_1_4' title="bbox 305 831 1548 936">
     <span class='ocr_line' id='line_1_4' title="bbox 305 847 1447 931; baseline 0.001 -21"><span class='ocrx_word' id='word_1_22' title='bbox 305 851 382 911; x_wconf 89' lang='lat' dir='ltr'>sunt</span> <span class='ocrx_word' id='word_1_23' title='bbox 418 847 585 912; x_wconf 88' lang='lat' dir='ltr'>daemones</span> <span class='ocrx_word' id='word_1_24' title='bbox 623 848 661 911; x_wconf 90' lang='lat' dir='ltr'>ab</span> <span class='ocrx_word' id='word_1_25' title='bbox 698 848 761 911; x_wconf 86' lang='lat' dir='ltr'>ista</span> <span class='ocrx_word' id='word_1_26' title='bbox 797 847 961 911; x_wconf 88' lang='lat' dir='ltr'>hominum</span> <span class='ocrx_word' id='word_1_27' title='bbox 998 847 1272 924; x_wconf 74' lang='lat' dir='ltr'>contaminatione,</span> <span class='ocrx_word' id='word_1_28' title='bbox 1307 847 1447 931; x_wconf 92' lang='lat' dir='ltr'>quinon</span> 
     </span>
    </p>
   </div>
   <div class='ocr_carea' id='block_1_5' title="bbox 305 953 1548 1037">
    <p class='ocr_par' dir='ltr' id='par_1_5' title="bbox 305 953 1548 1037">
     <span class='ocr_line' id='line_1_5' title="bbox 305 953 1548 1037; baseline -0.001 -18"><span class='ocrx_word' id='word_1_29' title='bbox 305 957 442 1037; x_wconf 76' lang='lat' dir='ltr'>possunt</span> <span class='ocrx_word' id='word_1_30' title='bbox 464 953 577 1032; x_wconf 89' lang='lat' dir='ltr'>uideri,</span> <span class='ocrx_word' id='word_1_31' title='bbox 601 953 663 1018; x_wconf 91' lang='lat' dir='ltr'>nisi</span> <span class='ocrx_word' id='word_1_32' title='bbox 693 954 814 1018; x_wconf 78' lang='lat' dir='ltr'>uelint?</span> <span class='ocrx_word' id='word_1_33' title='bbox 856 955 921 1017; x_wconf 84' lang='lat' dir='ltr'>Aut</span> <span class='ocrx_word' id='word_1_34' title='bbox 954 953 982 1018; x_wconf 88' lang='lat' dir='ltr'>si</span> <span class='ocrx_word' id='word_1_35' title='bbox 1015 972 1075 1018; x_wconf 91' lang='lat' dir='ltr'>non</span> <span class='ocrx_word' id='word_1_36' title='bbox 1108 953 1221 1028; x_wconf 89' lang='lat' dir='ltr'>uideri,</span> <span class='ocrx_word' id='word_1_37' title='bbox 1255 955 1312 1018; x_wconf 87' lang='lat' dir='ltr'>sed</span> <span class='ocrx_word' id='word_1_38' title='bbox 1345 955 1448 1018; x_wconf 89' lang='lat' dir='ltr'>uidere</span> <span class='ocrx_word' id='word_1_39' title='bbox 1547 959 1548 1002; x_wconf 71' lang='lat' dir='ltr'>l</span> 
     </span>
    </p>
   </div>
   <div class='ocr_carea' id='block_1_6' title="bbox 307 1167 1447 1252">
    <p class='ocr_par' dir='ltr' id='par_1_6' title="bbox 307 1167 1447 1252">
     <span class='ocr_line' id='line_1_6' title="bbox 307 1167 1447 1252; baseline -0.002 -20"><span class='ocrx_word' id='word_1_40' title='bbox 307 1168 381 1232; x_wconf 85' lang='lat' dir='ltr'>deos</span> <span class='ocrx_word' id='word_1_41' title='bbox 406 1168 582 1252; x_wconf 83' lang='lat' dir='ltr'>opinantur,</span> <span class='ocrx_word' id='word_1_42' title='bbox 606 1167 708 1231; x_wconf 84' lang='lat' dir='ltr'>uideri</span> <span class='ocrx_word' id='word_1_43' title='bbox 732 1167 886 1248; x_wconf 85' lang='lat' dir='ltr'>homines,</span> <span class='ocrx_word' id='word_1_44' title='bbox 911 1186 982 1231; x_wconf 89' lang='lat' dir='ltr'>cum</span> <span class='ocrx_word' id='word_1_45' title='bbox 1006 1167 1111 1231; x_wconf 90' lang='lat' dir='ltr'>radios</span> <span class='ocrx_word' id='word_1_46' title='bbox 1136 1185 1212 1230; x_wconf 89' lang='lat' dir='ltr'>suos</span> <span class='ocrx_word' id='word_1_47' title='bbox 1232 1175 1331 1232; x_wconf 88' lang='lat' dir='ltr'>terras</span> <span class='ocrx_word' id='word_1_48' title='bbox 1351 1185 1447 1248; x_wconf 89' lang='lat' dir='ltr'>nsque</span> 
     </span>
    </p>
   </div>
   <div class='ocr_carea' id='block_1_7' title="bbox 304 1272 1548 1358">
    <p class='ocr_par' dir='ltr' id='par_1_7' title="bbox 304 1272 1548 1358">
     <span class='ocr_line' id='line_1_7' title="bbox 304 1272 1548 1358; baseline -0.002 -19"><span class='ocrx_word' id='word_1_49' title='bbox 304 1275 501 1358; x_wconf 87' lang='lat' dir='ltr'>pertendant</span> <span class='ocrx_word' id='word_1_50' title='bbox 522 1272 582 1352; x_wconf 83' lang='lat' dir='ltr'>Qui</span> <span class='ocrx_word' id='word_1_51' title='bbox 601 1277 706 1338; x_wconf 90' lang='lat' dir='ltr'>tamen</span> <span class='ocrx_word' id='word_1_52' title='bbox 727 1291 835 1338; x_wconf 89' lang='lat' dir='ltr'>eorum</span> <span class='ocrx_word' id='word_1_53' title='bbox 854 1272 934 1337; x_wconf 90' lang='lat' dir='ltr'>radii</span> <span class='ocrx_word' id='word_1_54' title='bbox 952 1292 1008 1355; x_wconf 89' lang='lat' dir='ltr'>per</span> <span class='ocrx_word' id='word_1_55' title='bbox 1022 1291 1163 1354; x_wconf 88' lang='lat' dir='ltr'>quaeque</span> <span class='ocrx_word' id='word_1_56' title='bbox 1178 1273 1331 1337; x_wconf 87' lang='lat' dir='ltr'>inmunda</span> <span class='ocrx_word' id='word_1_57' title='bbox 1346 1273 1448 1337; x_wconf 83' lang='lat' dir='ltr'>diffusi</span> <span class='ocrx_word' id='word_1_58' title='bbox 1547 1295 1548 1322; x_wconf 72' lang='lat'>³</span> 
     </span>
    </p>
   </div>
   <div class='ocr_carea' id='block_1_8' title="bbox 306 1379 1548 1476">
    <p class='ocr_par' dir='ltr' id='par_1_8' title="bbox 306 1379 1548 1476">
     <span class='ocr_line' id='line_1_8' title="bbox 306 1379 1548 1476; baseline -0.002 -30"><span class='ocrx_word' id='word_1_59' title='bbox 306 1401 366 1446; x_wconf 89' lang='lat' dir='ltr'>non</span> <span class='ocrx_word' id='word_1_60' title='bbox 387 1379 601 1445; x_wconf 88' lang='lat' dir='ltr'>contaminant</span> <span class='ocrx_word' id='word_1_61' title='bbox 603 1383 702 1457; x_wconf 88' lang='lat' dir='ltr'>ur,et</span> <span class='ocrx_word' id='word_1_62' title='bbox 670 1379 751 1444; x_wconf 89' lang='lat' dir='ltr'>etdi</span> <span class='ocrx_word' id='word_1_63' title='bbox 773 1381 1021 1444; x_wconf 84' lang='lat' dir='ltr'>contaminaren</span> <span class='ocrx_word' id='word_1_64' title='bbox 1024 1399 1069 1458; x_wconf 88' lang='grc' dir='ltr'>ιιι</span> <span class='ocrx_word' id='word_1_65' title='bbox 1091 1399 1118 1444; x_wconf 82' lang='lat' dir='ltr'>si</span> <span class='ocrx_word' id='word_1_66' title='bbox 1137 1379 1320 1443; x_wconf 85' lang='lat' dir='ltr'>homrmbus</span> <span class='ocrx_word' id='word_1_67' title='bbox 1340 1382 1448 1444; x_wconf 89' lang='lat' dir='ltr'>misce·</span> <span class='ocrx_word' id='word_1_68' title='bbox 1547 1409 1548 1476; x_wconf 65' lang='lat' dir='ltr'>ss</span> 
     </span>
    </p>
   </div>
   <div class='ocr_carea' id='block_1_9' title="bbox 305 1485 1548 1677">
    <p class='ocr_par' dir='ltr' id='par_1_9' title="bbox 305 1485 1548 1677">
     <span class='ocr_line' id='line_1_9' title="bbox 305 1485 1548 1565; baseline 0 -14"><span class='ocrx_word' id='word_1_69' title='bbox 305 1492 425 1565; x_wconf 88' lang='lat' dir='ltr'>rentur,</span> <span class='ocrx_word' id='word_1_70' title='bbox 454 1485 579 1550; x_wconf 88' lang='lat' dir='ltr'>etiamsi</span> <span class='ocrx_word' id='word_1_71' title='bbox 608 1489 694 1551; x_wconf 88' lang='lat' dir='ltr'>esset</span> <span class='ocrx_word' id='word_1_72' title='bbox 720 1487 918 1552; x_wconf 88' lang='lat' dir='ltr'>necessarius</span> <span class='ocrx_word' id='word_1_73' title='bbox 950 1487 982 1549; x_wconf 90' lang='lat' dir='ltr'>in</span> <span class='ocrx_word' id='word_1_74' title='bbox 1016 1487 1232 1552; x_wconf 83' lang='lat' dir='ltr'>subueniendo</span> <span class='ocrx_word' id='word_1_75' title='bbox 1264 1506 1322 1551; x_wconf 93' lang='lat' dir='ltr'>con</span> <span class='ocrx_word' id='word_1_76' title='bbox 1326 1491 1447 1551; x_wconf 79' lang='lat' dir='ltr'>tactus?</span> <span class='ocrx_word' id='word_1_77' title='bbox 1547 1561 1548 1564; x_wconf 8' lang='grc' dir='ltr'><strong>Ἴ</strong></span> 
     </span>
     <span class='ocr_line' id='line_1_10' title="bbox 305 1592 1548 1677; baseline -0.007 -19"><span class='ocrx_word' id='word_1_78' title='bbox 305 1595 388 1658; x_wconf 88' lang='lat' dir='ltr'>Nam</span> <span class='ocrx_word' id='word_1_79' title='bbox 411 1594 508 1658; x_wconf 88' lang='lat' dir='ltr'>radiis</span> <span class='ocrx_word' id='word_1_80' title='bbox 533 1593 610 1658; x_wconf 89' lang='lat' dir='ltr'>solis</span> <span class='ocrx_word' id='word_1_81' title='bbox 635 1595 667 1658; x_wconf 90' lang='lat' dir='ltr'>et</span> <span class='ocrx_word' id='word_1_82' title='bbox 688 1593 782 1657; x_wconf 89' lang='lat' dir='ltr'>lunae</span> <span class='ocrx_word' id='word_1_83' title='bbox 810 1596 892 1657; x_wconf 87' lang='lat' dir='ltr'>terra</span> <span class='ocrx_word' id='word_1_84' title='bbox 925 1592 1129 1677; x_wconf 82' lang='lat' dir='ltr'>contingitur,</span> <span class='ocrx_word' id='word_1_85' title='bbox 1163 1612 1220 1658; x_wconf 90' lang='lat' dir='ltr'>nec</span> <span class='ocrx_word' id='word_1_86' title='bbox 1252 1593 1348 1657; x_wconf 87' lang='lat' dir='ltr'>istam</span> <span class='ocrx_word' id='word_1_87' title='bbox 1382 1612 1447 1658; x_wconf 92' lang='lat' dir='ltr'>con·</span> <span class='ocrx_word' id='word_1_88' title='bbox 1465 1613 1484 1650; x_wconf 83' lang='grc' dir='ltr'>ιι</span> <span class='ocrx_word' id='word_1_89' title='bbox 1547 1627 1548 1632; x_wconf 40' lang='lat'>1</span> 
     </span>
    </p>
   </div>
   <div class='ocr_carea' id='block_1_10' title="bbox 305 1700 577 1764">
    <p class='ocr_par' dir='ltr' id='par_1_10' title="bbox 305 1700 577 1764">
     <span class='ocr_line' id='line_1_11' title="bbox 305 1700 577 1764; baseline -0.007 0"><span class='ocrx_word' id='word_1_90' title='bbox 305 1701 441 1764; x_wconf 71' lang='lat' dir='ltr'>terminat</span> <span class='ocrx_word' id='word_1_91' title='bbox 463 1700 577 1764; x_wconf 89' lang='lat' dir='ltr'>lucem.</span> 
     </span>
    </p>
   </div>
   <div class='ocr_carea' id='block_1_11' title="bbox 749 1891 1010 1958">
    <p class='ocr_par' dir='ltr' id='par_1_11' title="bbox 749 1891 1010 1958">
     <span class='ocr_line' id='line_1_12' title="bbox 749 1891 1010 1958; baseline -0.004 -2"><span class='ocrx_word' id='word_1_92' title='bbox 749 1891 885 1956; x_wconf 81' lang='lat' dir='ltr'><strong>CAPUT</strong></span> <span class='ocrx_word' id='word_1_93' title='bbox 908 1891 1010 1958; x_wconf 86' lang='lat' dir='ltr'>XVII.</span> 
     </span>
    </p>
   </div>
   <div class='ocr_carea' id='block_1_12' title="bbox 305 2034 1484 2419">
    <p class='ocr_par' dir='ltr' id='par_1_12' title="bbox 306 2034 1446 2117">
     <span class='ocr_line' id='line_1_13' title="bbox 306 2034 1446 2117; baseline 0.001 -19"><span class='ocrx_word' id='word_1_94' title='bbox 306 2034 363 2098; x_wconf 81' lang='lat' dir='ltr'>Ad</span> <span class='ocrx_word' id='word_1_95' title='bbox 387 2034 712 2116; x_wconf 84' lang='lat' dir='ltr'>consequendam</span> <span class='ocrx_word' id='word_1_96' title='bbox 738 2034 800 2098; x_wconf 92' lang='lat' dir='ltr'>uit</span> <span class='ocrx_word' id='word_1_97' title='bbox 808 2053 865 2098; x_wconf 89' lang='lat' dir='ltr'>am</span> <span class='ocrx_word' id='word_1_98' title='bbox 888 2034 982 2098; x_wconf 87' lang='lat' dir='ltr'>beat</span> <span class='ocrx_word' id='word_1_99' title='bbox 968 2036 1057 2110; x_wconf 93' lang='lat' dir='ltr'>tam,</span> <span class='ocrx_word' id='word_1_100' title='bbox 1083 2052 1182 2116; x_wconf 91' lang='lat' dir='ltr'>quae</span> <span class='ocrx_word' id='word_1_101' title='bbox 1215 2034 1252 2098; x_wconf 88' lang='lat' dir='ltr'>in</span> <span class='ocrx_word' id='word_1_102' title='bbox 1286 2040 1378 2117; x_wconf 88' lang='lat' dir='ltr'>part</span> <span class='ocrx_word' id='word_1_103' title='bbox 1386 2036 1446 2099; x_wconf 94' lang='lat' dir='ltr'>ici-</span> 
     </span>
    </p>

    <p class='ocr_par' dir='ltr' id='par_1_13' title="bbox 305 2140 1446 2224">
     <span class='ocr_line' id='line_1_14' title="bbox 305 2140 1446 2224; baseline 0.001 -20"><span class='ocrx_word' id='word_1_104' title='bbox 305 2141 474 2224; x_wconf 86' lang='lat' dir='ltr'>patione</span> <span class='ocrx_word' id='word_1_105' title='bbox 509 2145 572 2204; x_wconf 90' lang='lat' dir='ltr'>est</span> <span class='ocrx_word' id='word_1_106' title='bbox 606 2141 751 2206; x_wconf 89' lang='lat' dir='ltr'>summi</span> <span class='ocrx_word' id='word_1_107' title='bbox 780 2141 884 2218; x_wconf 90' lang='lat' dir='ltr'>boni,</span> <span class='ocrx_word' id='word_1_108' title='bbox 917 2143 1038 2204; x_wconf 87' lang='lat' dir='ltr'>nont</span> <span class='ocrx_word' id='word_1_109' title='bbox 1023 2141 1101 2204; x_wconf 87' lang='lat' dir='ltr'>tali</span> <span class='ocrx_word' id='word_1_110' title='bbox 1137 2140 1289 2205; x_wconf 88' lang='lat' dir='ltr'>mediat</span> <span class='ocrx_word' id='word_1_111' title='bbox 1275 2144 1364 2206; x_wconf 91' lang='lat' dir='ltr'>tore</span> <span class='ocrx_word' id='word_1_112' title='bbox 1399 2142 1446 2205; x_wconf 93' lang='lat' dir='ltr'>in-</span> 
     </span>
    </p>

    <p class='ocr_par' dir='ltr' id='par_1_14' title="bbox 308 2246 1484 2419">
     <span class='ocr_line' id='line_1_15' title="bbox 308 2246 1484 2332; baseline -0.007 -20"><span class='ocrx_word' id='word_1_113' title='bbox 308 2249 449 2332; x_wconf 81' lang='lat' dir='ltr'>digere</span> <span class='ocrx_word' id='word_1_114' title='bbox 472 2246 669 2311; x_wconf 88' lang='lat' dir='ltr'>hominem</span> <span class='ocrx_word' id='word_1_115' title='bbox 695 2247 829 2328; x_wconf 88' lang='lat' dir='ltr'>qualis</span> <span class='ocrx_word' id='word_1_116' title='bbox 856 2250 916 2312; x_wconf 86' lang='lat' dir='ltr'>est</span> <span class='ocrx_word' id='word_1_117' title='bbox 936 2247 1110 2323; x_wconf 87' lang='lat' dir='ltr'>daemon,</span> <span class='ocrx_word' id='word_1_118' title='bbox 1131 2246 1232 2310; x_wconf 87' lang='lat' dir='ltr'>sedt</span> <span class='ocrx_word' id='word_1_119' title='bbox 1218 2247 1294 2311; x_wconf 91' lang='lat' dir='ltr'>tali</span> <span class='ocrx_word' id='word_1_120' title='bbox 1316 2248 1484 2330; x_wconf 81' lang='lat' dir='ltr'>qualisn</span> 
     </span>
     <span class='ocr_line' id='line_1_16' title="bbox 674 2353 1087 2419; baseline 0.002 -3"><span class='ocrx_word' id='word_1_121' title='bbox 674 2357 737 2417; x_wconf 86' lang='lat' dir='ltr'>est</span> <span class='ocrx_word' id='word_1_122' title='bbox 759 2373 860 2418; x_wconf 86' lang='lat' dir='ltr'>unus</span> <span class='ocrx_word' id='word_1_123' title='bbox 886 2353 1026 2419; x_wconf 78' lang='lat' dir='ltr'>Chris</span> <span class='ocrx_word' id='word_1_124' title='bbox 1012 2357 1087 2418; x_wconf 88' lang='lat' dir='ltr'>t.us</span> 
     </span>
    </p>
   </div>
   <div class='ocr_carea' id='block_1_13' title="bbox 306 2494 1484 3432">
    <p class='ocr_par' dir='ltr' id='par_1_15' title="bbox 306 2494 1484 3432">
     <span class='ocr_line' id='line_1_17' title="bbox 351 2494 1447 2579; baseline -0.003 -17"><span class='ocrx_word' id='word_1_125' title='bbox 351 2498 450 2562; x_wconf 86' lang='lat' dir='ltr'>Miror</span> <span class='ocrx_word' id='word_1_126' title='bbox 478 2499 584 2560; x_wconf 89' lang='lat' dir='ltr'>autem</span> <span class='ocrx_word' id='word_1_127' title='bbox 616 2494 788 2579; x_wconf 89' lang='lat' dir='ltr'>plurimum</span> <span class='ocrx_word' id='word_1_128' title='bbox 822 2500 888 2559; x_wconf 77' lang='lat' dir='ltr'>tam</span> <span class='ocrx_word' id='word_1_129' title='bbox 921 2495 1031 2560; x_wconf 87' lang='lat' dir='ltr'>doctos</span> <span class='ocrx_word' id='word_1_130' title='bbox 1064 2495 1218 2576; x_wconf 79' lang='lat' dir='ltr'>hominen,</span> <span class='ocrx_word' id='word_1_131' title='bbox 1252 2497 1306 2578; x_wconf 91' lang='lat' dir='ltr'>qui</span> <span class='ocrx_word' id='word_1_132' title='bbox 1341 2501 1447 2561; x_wconf 84' lang='lat' dir='ltr'>cuncta</span> 
     </span>
     <span class='ocr_line' id='line_1_18' title="bbox 306 2600 1447 2686; baseline -0.003 -18"><span class='ocrx_word' id='word_1_133' title='bbox 306 2602 485 2686; x_wconf 90' lang='lat' dir='ltr'>corporalia</span> <span class='ocrx_word' id='word_1_134' title='bbox 509 2604 541 2666; x_wconf 86' lang='lat' dir='ltr'>et</span> <span class='ocrx_word' id='word_1_135' title='bbox 563 2600 726 2666; x_wconf 86' lang='lat' dir='ltr'>sensibilia</span> <span class='ocrx_word' id='word_1_136' title='bbox 748 2621 821 2684; x_wconf 86' lang='lat' dir='ltr'>prae</span> <span class='ocrx_word' id='word_1_137' title='bbox 849 2600 1100 2685; x_wconf 82' lang='lat' dir='ltr'>incorporalibus</span> <span class='ocrx_word' id='word_1_138' title='bbox 1129 2605 1162 2666; x_wconf 83' lang='lat' dir='ltr'>et</span> <span class='ocrx_word' id='word_1_139' title='bbox 1187 2602 1447 2686; x_wconf 82' lang='lat' dir='ltr'>intellegibilibns</span> 
     </span>
     <span class='ocr_line' id='line_1_19' title="bbox 307 2708 1447 2794; baseline 0 -20"><span class='ocrx_word' id='word_1_140' title='bbox 307 2708 525 2794; x_wconf 87' lang='lat' dir='ltr'>postponenda</span> <span class='ocrx_word' id='word_1_141' title='bbox 549 2708 780 2785; x_wconf 83' lang='lat' dir='ltr'>iudicauerunt,</span> <span class='ocrx_word' id='word_1_142' title='bbox 806 2727 879 2772; x_wconf 85' lang='lat' dir='ltr'>cum</span> <span class='ocrx_word' id='word_1_143' title='bbox 904 2709 1009 2792; x_wconf 88' lang='lat' dir='ltr'>agitur</span> <span class='ocrx_word' id='word_1_144' title='bbox 1037 2709 1075 2772; x_wconf 88' lang='lat' dir='ltr'>da</span> <span class='ocrx_word' id='word_1_145' title='bbox 1108 2710 1200 2774; x_wconf 84' lang='lat' dir='ltr'>beata</span> <span class='ocrx_word' id='word_1_146' title='bbox 1233 2710 1311 2788; x_wconf 85' lang='lat' dir='ltr'>nita,</span> <span class='ocrx_word' id='word_1_147' title='bbox 1346 2729 1447 2793; x_wconf 88' lang='lat' dir='ltr'>corpo-</span> 
     </span>
     <span class='ocr_line' id='line_1_20' title="bbox 307 2815 1484 2882; baseline -0.004 -1"><span class='ocrx_word' id='word_1_148' title='bbox 307 2818 422 2882; x_wconf 87' lang='lat' dir='ltr'>ralium</span> <span class='ocrx_word' id='word_1_149' title='bbox 460 2816 744 2881; x_wconf 81' lang='lat' dir='ltr'>contrectationum</span> <span class='ocrx_word' id='word_1_150' title='bbox 786 2815 888 2880; x_wconf 86' lang='lat' dir='ltr'>facere</span> <span class='ocrx_word' id='word_1_151' title='bbox 930 2815 1132 2880; x_wconf 85' lang='lat' dir='ltr'>mentionem.</span> <span class='ocrx_word' id='word_1_152' title='bbox 1179 2816 1242 2881; x_wconf 89' lang='lat' dir='ltr'>Ubi</span> <span class='ocrx_word' id='word_1_153' title='bbox 1284 2821 1335 2881; x_wconf 85' lang='lat' dir='ltr'>est</span> <span class='ocrx_word' id='word_1_154' title='bbox 1374 2817 1484 2882; x_wconf 71' lang='lat' dir='ltr'>illudet</span> 
     </span>
     <span class='ocr_line' id='line_1_21' title="bbox 307 2921 1447 3006; baseline -0.001 -19"><span class='ocrx_word' id='word_1_155' title='bbox 307 2922 437 3000; x_wconf 82' lang='lat' dir='ltr'>Plotini,</span> <span class='ocrx_word' id='word_1_156' title='bbox 462 2923 516 2987; x_wconf 86' lang='lat' dir='ltr'>ubi</span> <span class='ocrx_word' id='word_1_157' title='bbox 537 2924 594 2986; x_wconf 88' lang='lat' dir='ltr'>ait:</span> <span class='ocrx_word' id='word_1_158' title='bbox 620 2921 829 3006; x_wconf 79' lang='lat' dir='ltr'>‘Ilugiendnm</span> <span class='ocrx_word' id='word_1_159' title='bbox 850 2926 899 2986; x_wconf 87' lang='lat' dir='ltr'>est</span> <span class='ocrx_word' id='word_1_160' title='bbox 916 2922 1017 3006; x_wconf 83' lang='lat' dir='ltr'>igitur</span> <span class='ocrx_word' id='word_1_161' title='bbox 1035 2922 1074 2985; x_wconf 89' lang='lat' dir='ltr'>nd</span> <span class='ocrx_word' id='word_1_162' title='bbox 1093 2922 1289 2986; x_wconf 84' lang='lat' dir='ltr'>carissimam</span> <span class='ocrx_word' id='word_1_163' title='bbox 1308 2925 1447 3006; x_wconf 85' lang='lat' dir='ltr'>patriam,</span> 
     </span>
     <span class='ocr_line' id='line_1_22' title="bbox 308 3027 1448 3112; baseline -0.004 -18"><span class='ocrx_word' id='word_1_164' title='bbox 308 3035 341 3095; x_wconf 88' lang='lat' dir='ltr'>et</span> <span class='ocrx_word' id='word_1_165' title='bbox 368 3031 412 3093; x_wconf 93' lang='lat' dir='ltr'>ibi</span> <span class='ocrx_word' id='word_1_166' title='bbox 441 3035 539 3112; x_wconf 91' lang='lat' dir='ltr'>pater,</span> <span class='ocrx_word' id='word_1_167' title='bbox 565 3029 668 3093; x_wconf 84' lang='lat' dir='ltr'>etibi</span> <span class='ocrx_word' id='word_1_168' title='bbox 698 3029 811 3093; x_wconf 90' lang='lat' dir='ltr'>omnia.</span> <span class='ocrx_word' id='word_1_169' title='bbox 856 3027 943 3107; x_wconf 79' lang='lat' dir='ltr'>Quae</span> <span class='ocrx_word' id='word_1_170' title='bbox 972 3028 1080 3112; x_wconf 83' lang='lat' dir='ltr'>igitur,</span> <span class='ocrx_word' id='word_1_171' title='bbox 1108 3029 1222 3111; x_wconf 84' lang='lat' dir='ltr'>inquit,</span> <span class='ocrx_word' id='word_1_172' title='bbox 1255 3030 1369 3094; x_wconf 84' lang='lat' dir='ltr'>elassis</span> <span class='ocrx_word' id='word_1_173' title='bbox 1397 3033 1448 3092; x_wconf 87' lang='lat' dir='ltr'>aut</span> 
     </span>
     <span class='ocr_line' id='line_1_23' title="bbox 308 3136 1447 3222; baseline 0 -22"><span class='ocrx_word' id='word_1_174' title='bbox 308 3139 406 3222; x_wconf 80' lang='lat' dir='ltr'>luga?</span> <span class='ocrx_word' id='word_1_175' title='bbox 431 3137 574 3202; x_wconf 88' lang='lat' dir='ltr'>Similem</span> <span class='ocrx_word' id='word_1_176' title='bbox 599 3137 666 3201; x_wconf 87' lang='lat' dir='ltr'>Deo</span> <span class='ocrx_word' id='word_1_177' title='bbox 691 3136 781 3200; x_wconf 74' lang='lat' dir='ltr'>lieri.²</span> <span class='ocrx_word' id='word_1_178' title='bbox 813 3136 848 3201; x_wconf 84' lang='lat' dir='ltr'>si</span> <span class='ocrx_word' id='word_1_179' title='bbox 872 3156 945 3220; x_wconf 85' lang='lat' dir='ltr'>ergo</span> <span class='ocrx_word' id='word_1_180' title='bbox 972 3137 1029 3200; x_wconf 88' lang='lat' dir='ltr'>deo</span> <span class='ocrx_word' id='word_1_181' title='bbox 1055 3138 1171 3218; x_wconf 84' lang='lat' dir='ltr'>quanto</span> <span class='ocrx_word' id='word_1_182' title='bbox 1196 3136 1341 3212; x_wconf 89' lang='lat' dir='ltr'>similior,</span> <span class='ocrx_word' id='word_1_183' title='bbox 1365 3139 1447 3200; x_wconf 88' lang='lat' dir='ltr'>tanto</span> 
     </span>
     <span class='ocr_line' id='line_1_24' title="bbox 308 3242 1447 3327; baseline -0.004 -19"><span class='ocrx_word' id='word_1_184' title='bbox 308 3243 504 3327; x_wconf 76' lang='lat' dir='ltr'>utquisque</span> <span class='ocrx_word' id='word_1_185' title='bbox 537 3243 751 3326; x_wconf 88' lang='lat' dir='ltr'>propinquior,</span> <span class='ocrx_word' id='word_1_186' title='bbox 783 3244 873 3308; x_wconf 91' lang='lat' dir='ltr'>nulla</span> <span class='ocrx_word' id='word_1_187' title='bbox 903 3248 953 3308; x_wconf 90' lang='lat' dir='ltr'>est</span> <span class='ocrx_word' id='word_1_188' title='bbox 985 3244 1023 3307; x_wconf 88' lang='lat' dir='ltr'>ab</span> <span class='ocrx_word' id='word_1_189' title='bbox 1056 3243 1110 3307; x_wconf 93' lang='lat' dir='ltr'>illo</span> <span class='ocrx_word' id='word_1_190' title='bbox 1144 3242 1206 3306; x_wconf 89' lang='lat' dir='ltr'>alia</span> <span class='ocrx_word' id='word_1_191' title='bbox 1238 3242 1447 3327; x_wconf 83' lang='lat' dir='ltr'>longinquitas</span> 
     </span>
     <span class='ocr_line' id='line_1_25' title="bbox 311 3349 1484 3432; baseline -0.002 -18"><span class='ocrx_word' id='word_1_192' title='bbox 311 3370 403 3432; x_wconf 89' lang='lat' dir='ltr'>quam</span> <span class='ocrx_word' id='word_1_193' title='bbox 430 3353 497 3414; x_wconf 89' lang='lat' dir='ltr'>eius</span> <span class='ocrx_word' id='word_1_194' title='bbox 523 3350 761 3416; x_wconf 89' lang='lat' dir='ltr'>dissimilitudo.</span> <span class='ocrx_word' id='word_1_195' title='bbox 804 3349 996 3432; x_wconf 86' lang='lat' dir='ltr'>Incorporali</span> <span class='ocrx_word' id='word_1_196' title='bbox 1019 3368 1094 3414; x_wconf 89' lang='lat' dir='ltr'>nero</span> <span class='ocrx_word' id='word_1_197' title='bbox 1118 3349 1167 3413; x_wconf 92' lang='lat' dir='ltr'>illi</span> <span class='ocrx_word' id='word_1_198' title='bbox 1190 3353 1315 3414; x_wconf 89' lang='lat' dir='ltr'>aeterno</span> <span class='ocrx_word' id='word_1_199' title='bbox 1347 3353 1379 3413; x_wconf 89' lang='lat' dir='ltr'>et</span> <span class='ocrx_word' id='word_1_200' title='bbox 1407 3349 1446 3411; x_wconf 88' lang='lat' dir='ltr'>in·</span> <span class='ocrx_word' id='word_1_201' title='bbox 1463 3373 1484 3412; x_wconf 79' lang='lat' dir='ltr'>a</span> 
     </span>
    </p>
   </div>
   <div class='ocr_carea' id='block_1_14' title="bbox 401 3584 1371 3654">
    <p class='ocr_par' dir='ltr' id='par_1_16' title="bbox 401 3584 1371 3654">
     <span class='ocr_line' id='line_1_26' title="bbox 401 3584 1371 3654; baseline 0.001 -16"><span class='ocrx_word' id='word_1_202' title='bbox 401 3587 413 3638; x_wconf 96' lang='grc'>1</span> <span class='ocrx_word' id='word_1_203' title='bbox 434 3585 470 3638; x_wconf 94' lang='lat' dir='ltr'>ib.</span> <span class='ocrx_word' id='word_1_204' title='bbox 489 3603 515 3654; x_wconf 93' lang='lat' dir='ltr'>p.</span> <span class='ocrx_word' id='word_1_205' title='bbox 535 3587 560 3647; x_wconf 88' lang='grc'>6,</span> <span class='ocrx_word' id='word_1_206' title='bbox 581 3586 614 3638; x_wconf 84' lang='grc'>14</span> <span class='ocrx_word' id='word_1_207' title='bbox 668 3585 684 3637; x_wconf 92' lang='grc'>2</span> <span class='ocrx_word' id='word_1_208' title='bbox 704 3585 784 3654; x_wconf 81' lang='lat' dir='ltr'>Verg.</span> <span class='ocrx_word' id='word_1_209' title='bbox 806 3584 902 3654; x_wconf 79' lang='lat' dir='ltr'>Georg.</span> <span class='ocrx_word' id='word_1_210' title='bbox 921 3585 979 3652; x_wconf 79' lang='lat'>1,.5</span> <span class='ocrx_word' id='word_1_211' title='bbox 1034 3585 1066 3638; x_wconf 84' lang='grc'>21</span> <span class='ocrx_word' id='word_1_212' title='bbox 1087 3584 1155 3640; x_wconf 87' lang='grc' dir='ltr'>Ειιιι.</span> <span class='ocrx_word' id='word_1_213' title='bbox 1176 3585 1197 3650; x_wconf 82' lang='grc' dir='ltr'>Ι,</span> <span class='ocrx_word' id='word_1_214' title='bbox 1217 3585 1242 3649; x_wconf 88' lang='grc'>6,</span> <span class='ocrx_word' id='word_1_215' title='bbox 1262 3585 1291 3649; x_wconf 87' lang='grc'>8;</span> <span class='ocrx_word' id='word_1_216' title='bbox 1312 3586 1336 3651; x_wconf 83' lang='grc'>2,</span> <span class='ocrx_word' id='word_1_217' title='bbox 1355 3587 1371 3640; x_wconf 86' lang='grc'><strong>3</strong></span> 
     </span>
    </p>
   </div>
   <div class='ocr_carea' id='block_1_15' title="bbox 310 3727 1448 4418">
    <p class='ocr_par' dir='ltr' id='par_1_17' title="bbox 310 3727 1448 4418">
     <span class='ocr_line' id='line_1_27' title="bbox 347 3727 1447 3793; baseline -0.002 -11"><span class='ocrx_word' id='word_1_218' title='bbox 347 3729 512 3782; x_wconf 85' lang='lat' dir='ltr'>6terrams</span> <span class='ocrx_word' id='word_1_219' title='bbox 575 3728 772 3781; x_wconf 78' lang='lat' dir='ltr'>Smiserentur</span> <span class='ocrx_word' id='word_1_220' title='bbox 794 3728 840 3793; x_wconf 76' lang='lat'>0¹,-</span> <span class='ocrx_word' id='word_1_221' title='bbox 859 3729 1079 3782; x_wconf 80' lang='lat' dir='ltr'>cmiscerentnrl</span> <span class='ocrx_word' id='word_1_222' title='bbox 1141 3729 1174 3782; x_wconf 92' lang='grc'>10</span> <span class='ocrx_word' id='word_1_223' title='bbox 1193 3727 1292 3782; x_wconf 85' lang='lat' dir='ltr'>radiil</span> <span class='ocrx_word' id='word_1_224' title='bbox 1348 3730 1379 3782; x_wconf 84' lang='lat'>14</span> <span class='ocrx_word' id='word_1_225' title='bbox 1397 3745 1447 3781; x_wconf 85' lang='lat' dir='ltr'>rne-</span> 
     </span>
     <span class='ocr_line' id='line_1_28' title="bbox 310 3817 1448 3888; baseline -0.001 -17"><span class='ocrx_word' id='word_1_226' title='bbox 310 3817 435 3888; x_wconf 66' lang='lat' dir='ltr'>dip&#39;stora</span> <span class='ocrx_word' id='word_1_227' title='bbox 455 3817 617 3876; x_wconf 60' lang='lat' dir='ltr'>maseth*</span> <span class='ocrx_word' id='word_1_228' title='bbox 692 3817 776 3886; x_wconf 86' lang='lat' dir='ltr'>indig.</span> <span class='ocrx_word' id='word_1_229' title='bbox 796 3817 903 3888; x_wconf 80' lang='lat' dir='ltr'>med.p</span> <span class='ocrx_word' id='word_1_230' title='bbox 979 3821 1010 3873; x_wconf 87' lang='lat'>16</span> <span class='ocrx_word' id='word_1_231' title='bbox 1031 3835 1097 3872; x_wconf 86' lang='lat' dir='ltr'>nnus</span> <span class='ocrx_word' id='word_1_232' title='bbox 1118 3825 1219 3886; x_wconf 80' lang='lat' dir='ltr'>estqv</span> <span class='ocrx_word' id='word_1_233' title='bbox 1293 3820 1324 3872; x_wconf 87' lang='grc'>17</span> <span class='ocrx_word' id='word_1_234' title='bbox 1344 3833 1448 3888; x_wconf 79' lang='lat' dir='ltr'>quanin</span> 
     </span>
     <span class='ocr_line' id='line_1_29' title="bbox 312 3905 1448 3976; baseline -0.003 -16"><span class='ocrx_word' id='word_1_235' title='bbox 312 3908 345 3960; x_wconf 88' lang='grc'>18</span> <span class='ocrx_word' id='word_1_236' title='bbox 374 3906 523 3976; x_wconf 83' lang='lat' dir='ltr'>corporalia</span> <span class='ocrx_word' id='word_1_237' title='bbox 545 3905 737 3974; x_wconf 46' lang='lat' dir='ltr'>Celaenae·</span> <span class='ocrx_word' id='word_1_238' title='bbox 764 3924 892 3976; x_wconf 89' lang='lat' dir='ltr'>corporea</span> <span class='ocrx_word' id='word_1_239' title='bbox 911 3925 937 3970; x_wconf 84' lang='lat' dir='ltr'>a,</span> <span class='ocrx_word' id='word_1_240' title='bbox 956 3909 987 3961; x_wconf 80' lang='lat' dir='ltr'>in</span> <span class='ocrx_word' id='word_1_241' title='bbox 1005 3924 1089 3976; x_wconf 74' lang='lat' dir='ltr'>uturp</span> <span class='ocrx_word' id='word_1_242' title='bbox 1109 3925 1131 3966; x_wconf 83' lang='lat' dir='ltr'>c,</span> <span class='ocrx_word' id='word_1_243' title='bbox 1149 3921 1166 3958; x_wconf 84' lang='lat' dir='ltr'>o</span> <span class='ocrx_word' id='word_1_244' title='bbox 1184 3907 1283 3961; x_wconf 76' lang='lat' dir='ltr'>Dorab.</span> <span class='ocrx_word' id='word_1_245' title='bbox 1389 3921 1448 3976; x_wconf 86' lang='lat' dir='ltr'>prae</span> 
     </span>
     <span class='ocr_line' id='line_1_30' title="bbox 310 3995 1448 4064; baseline -0.003 -15"><span class='ocrx_word' id='word_1_246' title='bbox 310 4013 362 4049; x_wconf 77' lang='lat' dir='ltr'>one.</span> <span class='ocrx_word' id='word_1_247' title='bbox 377 4013 414 4064; x_wconf 84' lang='lat' dir='ltr'>p;</span> <span class='ocrx_word' id='word_1_248' title='bbox 433 4011 533 4064; x_wconf 76' lang='lat' dir='ltr'>quaes</span> <span class='ocrx_word' id='word_1_249' title='bbox 630 3995 876 4064; x_wconf 82' lang='lat' dir='ltr'>corporabilibuse</span> <span class='ocrx_word' id='word_1_250' title='bbox 968 3997 1000 4049; x_wconf 87' lang='grc'>19</span> <span class='ocrx_word' id='word_1_251' title='bbox 1019 3997 1161 4064; x_wconf 83' lang='lat' dir='ltr'>igiturpe</span> <span class='ocrx_word' id='word_1_252' title='bbox 1251 3996 1286 4050; x_wconf 89' lang='grc'>20</span> <span class='ocrx_word' id='word_1_253' title='bbox 1305 3995 1448 4049; x_wconf 84' lang='lat' dir='ltr'>iacerents</span> 
     </span>
     <span class='ocr_line' id='line_1_31' title="bbox 311 4083 1448 4154; baseline -0.002 -18"><span class='ocrx_word' id='word_1_254' title='bbox 311 4085 342 4136; x_wconf 82' lang='lat'>21</span> <span class='ocrx_word' id='word_1_255' title='bbox 371 4083 490 4153; x_wconf 87' lang='lat' dir='ltr'>platonis</span> <span class='ocrx_word' id='word_1_256' title='bbox 510 4099 543 4137; x_wconf 75' lang='lat' dir='ltr'>ecc</span> <span class='ocrx_word' id='word_1_257' title='bbox 561 4083 681 4152; x_wconf 82' lang='lat' dir='ltr'>plutonis</span> <span class='ocrx_word' id='word_1_258' title='bbox 701 4099 779 4148; x_wconf 71' lang='lat' dir='ltr'>corr,</span> <span class='ocrx_word' id='word_1_259' title='bbox 802 4085 836 4150; x_wconf 85' lang='lat' dir='ltr'>C;</span> <span class='ocrx_word' id='word_1_260' title='bbox 854 4084 958 4154; x_wconf 90' lang='lat' dir='ltr'>platoni</span> <span class='ocrx_word' id='word_1_261' title='bbox 978 4083 1004 4136; x_wconf 75' lang='grc' dir='ltr'>Ι)ι</span> <span class='ocrx_word' id='word_1_262' title='bbox 1017 4083 1072 4136; x_wconf 82' lang='lat' dir='ltr'>l¹u¹</span> <span class='ocrx_word' id='word_1_263' title='bbox 1164 4083 1198 4137; x_wconf 84' lang='grc'>22</span> <span class='ocrx_word' id='word_1_264' title='bbox 1220 4084 1314 4138; x_wconf 87' lang='lat' dir='ltr'>classis</span> <span class='ocrx_word' id='word_1_265' title='bbox 1332 4083 1448 4151; x_wconf 80' lang='lat' dir='ltr'>inquito</span> 
     </span>
     <span class='ocr_line' id='line_1_32' title="bbox 312 4171 1445 4240; baseline -0.004 -15"><span class='ocrx_word' id='word_1_266' title='bbox 312 4173 402 4240; x_wconf 88' lang='lat' dir='ltr'>inquit</span> <span class='ocrx_word' id='word_1_267' title='bbox 420 4188 472 4228; x_wconf 79' lang='lat' dir='ltr'>our.</span> <span class='ocrx_word' id='word_1_268' title='bbox 493 4191 509 4222; x_wconf 84' lang='grc' dir='ltr'>α</span> <span class='ocrx_word' id='word_1_269' title='bbox 591 4171 689 4224; x_wconf 85' lang='lat' dir='ltr'>clausis</span> <span class='ocrx_word' id='word_1_270' title='bbox 710 4172 781 4240; x_wconf 67' lang='lat' dir='ltr'>ops</span> <span class='ocrx_word' id='word_1_271' title='bbox 862 4175 910 4224; x_wconf 84' lang='lat' dir='ltr'>ant</span> <span class='ocrx_word' id='word_1_272' title='bbox 928 4189 978 4226; x_wconf 88' lang='lat' dir='ltr'>om.</span> <span class='ocrx_word' id='word_1_273' title='bbox 994 4189 1016 4240; x_wconf 83' lang='lat' dir='ltr'>p</span> <span class='ocrx_word' id='word_1_274' title='bbox 1089 4173 1138 4224; x_wconf 88' lang='lat' dir='ltr'>aut-</span> <span class='ocrx_word' id='word_1_275' title='bbox 1156 4171 1252 4234; x_wconf 73' lang='lat' dir='ltr'>eimile,</span> <span class='ocrx_word' id='word_1_276' title='bbox 1270 4187 1397 4240; x_wconf 73' lang='lat' dir='ltr'>superant.</span> <span class='ocrx_word' id='word_1_277' title='bbox 1415 4185 1445 4221; x_wconf 86' lang='lat' dir='ltr'>m.</span> 
     </span>
     <span class='ocr_line' id='line_1_33' title="bbox 311 4259 1446 4330; baseline -0.004 -17"><span class='ocrx_word' id='word_1_278' title='bbox 311 4277 362 4313; x_wconf 87' lang='lat' dir='ltr'>rec.</span> <span class='ocrx_word' id='word_1_279' title='bbox 383 4259 474 4328; x_wconf 75' lang='lat' dir='ltr'>fugiit,</span> <span class='ocrx_word' id='word_1_280' title='bbox 495 4261 504 4313; x_wconf 89' lang='lat' dir='ltr'>l</span> <span class='ocrx_word' id='word_1_281' title='bbox 576 4261 610 4314; x_wconf 86' lang='grc'>23</span> <span class='ocrx_word' id='word_1_282' title='bbox 633 4265 710 4314; x_wconf 81' lang='lat' dir='ltr'>lanto</span> <span class='ocrx_word' id='word_1_283' title='bbox 731 4261 781 4315; x_wconf 84' lang='lat' dir='ltr'>deo</span> <span class='ocrx_word' id='word_1_284' title='bbox 801 4261 914 4314; x_wconf 88' lang='lat' dir='ltr'>similior</span> <span class='ocrx_word' id='word_1_285' title='bbox 932 4261 962 4314; x_wconf 87' lang='lat' dir='ltr'>fit</span> <span class='ocrx_word' id='word_1_286' title='bbox 981 4267 1081 4330; x_wconf 84' lang='lat' dir='ltr'>quanto</span> <span class='ocrx_word' id='word_1_287' title='bbox 1101 4261 1248 4330; x_wconf 82' lang='lat' dir='ltr'>quisquae</span> <span class='ocrx_word' id='word_1_288' title='bbox 1313 4261 1346 4316; x_wconf 82' lang='grc'>25</span> <span class='ocrx_word' id='word_1_289' title='bbox 1364 4261 1446 4312; x_wconf 90' lang='lat' dir='ltr'>incor-</span> 
     </span>
     <span class='ocr_line' id='line_1_34' title="bbox 313 4347 672 4418; baseline 0.006 -17"><span class='ocrx_word' id='word_1_290' title='bbox 313 4347 456 4418; x_wconf 88' lang='lat' dir='ltr'>porabilil</span> <span class='ocrx_word' id='word_1_291' title='bbox 527 4348 568 4400; x_wconf 90' lang='lat' dir='ltr'>illi</span> <span class='ocrx_word' id='word_1_292' title='bbox 589 4365 672 4405; x_wconf 69' lang='lat' dir='ltr'>oms</span> 
     </span>
    </p>
   </div>
   <div class='ocr_carea' id='block_1_16' title="bbox 0 0 1578 4934">
    <p class='ocr_par' dir='ltr' id='par_1_18' title="bbox 0 0 1578 4934">
     <span class='ocr_line' id='line_1_35' title="bbox 0 0 1578 4934; baseline 0 0"><span class='ocrx_word' id='word_1_293' title='bbox 0 0 1578 4934; x_wconf 95' lang='lat' dir='ltr'> </span> 
     </span>
    </p>
   </div>
  </div>
 </body>
</html>
