3072 4928
381 453 431 506 De
460 453 635 506 cluttate
664 451 726 506 dei
753 449 819 509 lib.
842 451 974 522 Ileap.
996 452 1037 508 13.
1059 453 1099 506 14.
1273 445 1312 519 ’77

158 647 346 712 hominibus
370 647 524 712 scaenicis
548 665 604 712 uec
627 647 782 730 plebeiam
807 647 936 724 tribum,
956 650 1074 730 quanto
1097 647 1202 712 minus
1227 667 1314 713 seua-

158 754 279 819 toriam
298 754 417 818 curiam
437 754 638 818 dehonestari
658 753 775 818 sinunt.
800 753 835 818 lu
855 754 914 818 hac
934 754 1161 836 disceptatione
1181 754 1314 820 huiusce

158 860 251 925 modi
286 861 484 926 ratiocinatio
522 879 679 925 summam
712 860 906 943 quaestionis
941 859 1088 925 absoluIt.
1131 860 1315 944 Proponunt

159 966 294 1032 Graeci:
322 967 355 1033 Si
380 967 411 1031 di
435 966 516 1032 tales
540 966 663 1032 colendi
688 971 772 1046 sunt,
792 969 934 1052 profecto
955 969 1051 1032 etism
1070 967 1150 1032 tales
1170 969 1313 1034 homines

120 1097 136 1139 s
157 1072 347 1140 honorandi.
370 1073 554 1138 Adsumunt
576 1073 723 1138 Romani:
749 1073 811 1140 Sed
834 1074 922 1138 nullo
947 1075 1041 1140 modo
1066 1074 1145 1140 tales
1169 1075 1313 1140 homines

157 1180 337 1246 honorandi
362 1182 446 1244 sunt.
472 1180 672 1245 Concludunt
696 1180 883 1247 Christiani:
907 1181 1004 1246 Nullo
1029 1181 1122 1246 modo
1151 1181 1252 1266 igttur
1282 1181 1313 1246 di

157 1289 245 1352 tales
269 1286 393 1352 colendi
417 1290 501 1352 sunt.

605 1479 742 1547 CAPUT
764 1481 867 1548 XIIII.

155 1621 374 1689 Meliorem
412 1623 546 1688 fuisse
581 1623 802 1700 Platonem,
836 1625 902 1706 qui
934 1623 1073 1707 poetis
1106 1623 1241 1689 locum
1274 1623 1310 1688 iu

104 1761 135 1800 ιο
155 1731 263 1795 bene
287 1733 441 1795 morata
464 1729 562 1794 urbe
585 1749 659 1795 non
685 1729 855 1808 dederit,
880 1749 994 1814 quam
1018 1729 1089 1796 hos
1114 1729 1220 1807 deos,
1244 1731 1311 1814 qui

303 1856 344 1902 se
366 1836 480 1902 ludis
506 1836 711 1902 scaenicis
735 1837 949 1902 noluerint
970 1835 1173 1903 honorari.

206 1978 330 2044 Deinde
359 1979 550 2061 quaerimus,
577 1979 641 2064 ipsi
668 1981 780 2064 poetae
812 1979 924 2044 talium
957 1980 1136 2045 fabularum
1170 1979 1313 2063 conposi-

153 2090 259 2166 tores,
280 2087 334 2170 qui
353 2086 521 2152 duodecim
540 2086 721 2152 tabularum
739 2089 812 2172 Iege
830 2086 1036 2169 prohibentur
1053 2087 1170 2152 famam
1189 2086 1311 2152 laedere

154 2193 294 2272 ciuium,
322 2196 388 2258 tam
415 2193 567 2277 probrosa
593 2195 624 2258 in
654 2191 729 2260 deos
759 2193 904 2260 coqucia
930 2193 1106 2258 iaculantes
1139 2212 1220 2276 quur
1251 2212 1310 2258 non

104 2329 130 2367 ιε
153 2305 199 2366 ut
227 2299 365 2366 scaenici
392 2301 567 2366 habeantur
594 2299 762 2366 inhonesti.
801 2298 871 2379 Qua
897 2301 1018 2366 ratione
1045 2303 1168 2365 rectum
1192 2303 1250 2378 est,
1275 2305 1312 2364 ut

152 2407 359 2491 poeticorum
377 2407 600 2491 figmentorum
620 2411 652 2471 et
670 2406 954 2491 ignominiosorum
974 2406 1103 2471 deorum
1121 2405 1313 2471 infamentur

154 2517 295 2592 actores,
318 2513 513 2580 honorentur
537 2517 703 2579 auctores?
730 2515 779 2580 An
803 2515 884 2578 forte
909 2512 1030 2578 Graeco
1053 2511 1179 2577 Platoni
1202 2512 1310 2596 potius

153 2621 267 2704 palma
291 2619 390 2684 danda
414 2624 473 2698 est,
494 2619 549 2703 qui
573 2639 644 2685 cum
664 2621 785 2686 ratione
804 2620 963 2698 formaret,
984 2618 1087 2703 qualis
1107 2637 1176 2684 esse
1196 2618 1310 2684 ciuitas

153 2727 285 2804 debeat,
317 2730 480 2811 tamquam
513 2725 710 2794 aduersarios
743 2727 888 2792 ueritatIs
924 2730 1035 2809 poetas
1073 2725 1198 2790 censuit
1233 2725 1310 2790 urbe

98 2863 130 2904 ω
151 2832 347 2916 pellendos?
370 2834 436 2898 Iste
459 2853 534 2898 uero
560 2837 593 2898 et
616 2833 748 2899 deorum
766 2833 898 2900 iniurias
917 2832 1045 2917 indigne
1064 2832 1141 2898 tulit
1159 2837 1192 2898 et
1209 2831 1310 2898 fucari

151 2941 382 3023 corrumpique
418 2939 577 3024 figmentis
611 2939 733 3005 animos
768 2939 888 3005 ciuium
920 2939 1032 3005 noluit.
1080 2938 1194 3004 Confer
1226 2957 1309 3004 nunc

150 3046 302 3112 Platonis
322 3047 553 3112 humanitatem
569 3067 587 3112 a
606 3046 730 3112 ciuibus
751 3045 946 3130 decipiendis
965 3049 1075 3129 poetas
1095 3045 1172 3111 urbe
1190 3045 1309 3128 pellen-

149 3159 224 3218 tem
240 3171 313 3218 cum
328 3153 459 3218 deorum
474 3153 642 3218 diuinitate
656 3152 768 3218 honori
782 3171 840 3218 suo
855 3152 949 3218 ludos
960 3152 1122 3218 scaenicos
1134 3155 1307 3235 expetente.

149 3261 227 3338 Ille,
252 3278 290 3324 ne
317 3259 394 3325 talia
422 3261 476 3326 uel
504 3260 726 3340 scriberentur,
751 3261 811 3326 etsi
839 3279 899 3325 uon
924 3259 1083 3342 persuasit
1106 3258 1307 3342 disputando,

96 3395 127 3437 ae
149 3371 264 3431 tamen
293 3367 396 3431 suasit
428 3367 552 3431 leuitati
585 3366 800 3449 lasciuiaeque
829 3365 1036 3442 Graecorum
1070 3365 1135 3444 isti,
1164 3368 1201 3430 ut
1232 3365 1309 3430 talla

150 3473 254 3539 etiam
282 3477 460 3558 agerentur,
489 3473 625 3539 iubendo
655 3475 853 3538 extorserunt
886 3473 1036 3558 grauitati
1069 3477 1101 3537 et
1133 3472 1307 3538 modestiae

149 3581 381 3648 Romanorum.
412 3580 479 3644 Nec
502 3583 628 3644 tantum
651 3579 728 3644 haec
753 3580 804 3664 agi
827 3579 1007 3658 uoluerunt,
1032 3578 1089 3646 sed
1113 3579 1174 3646 sibi
1199 3578 1307 3656 dloari,

151 3686 220 3752 sibi
249 3685 374 3765 sacrari,
399 3685 460 3751 sibi
488 3685 685 3752 sollemniter
713 3686 860 3751 exhiberi.
900 3685 959 3751 Cui
987 3685 1113 3750 tandem
1141 3685 1307 3751 honestius

152 3792 284 3858 diuinos
307 3793 442 3860 honores
467 3792 646 3858 decerneret
670 3792 805 3858 ciuitas?
829 3795 937 3857 utrum
956 3791 1082 3858 Platoni
1105 3790 1182 3855 baec
1202 3791 1308 3872 turpia

192 4054 209 4107 2
227 4053 341 4108 huiusce
359 4053 434 4109 modi
452 4052 522 4108 L²h
534 4055 723 4124 abdepqo;
741 4054 821 4108 huius
840 4053 914 4108 modi
934 4053 1006 4108 L¹O
1074 4054 1104 4109 11
1125 4053 1270 4106 noluerunt
1285 4071 1306 4123 p

152 4144 190 4198 12
209 4143 594 4213 compositores..tabularum
613 4161 664 4198 om.
683 4143 708 4199 e¹
814 4146 846 4199 14
867 4143 966 4200 cibiurn
984 4143 1043 4198 LA
1108 4143 1168 4246 t15
1188 4142 1230 4211 ut]
1249 4143 1307 4197 eie

152 4259 190 4314 18
210 4259 304 4328 quales
326 4257 360 4312 0¹
415 4259 536 4314 ciuitatis
556 4258 647 4314 emt*
691 4260 726 4313 22
747 4259 852 4314 cibibus
871 4260 898 4313 L
942 4260 976 4314 23
996 4259 1305 4329 expetente‚tm.2,ll

151 4349 190 4402 26
209 4348 293 4402 etiam
311 4365 347 4402 m.
366 4351 382 4400 1
399 4363 459 4418 sup.
480 4348 529 4402 lin.
548 4347 575 4402 L
629 4349 663 4402 27
683 4347 800 4402 dedicari
820 4365 833 4404 e
