3072 4930
380 379 430 434 De
459 379 631 433 ciuitate
660 377 722 432 dei
749 377 813 432 lib.
837 375 904 434 1111.
929 395 1004 448 cap.
1030 380 1056 433 9.
1229 377 1293 444 173

132 574 252 652 linam;
278 574 462 641 florentibus
481 575 647 639 frumentis
666 575 757 641 deam
777 575 913 654 Floram,
931 574 1179 640 lactescentibus
1199 573 1294 638 deum

132 681 345 758 Lecturam,
369 681 658 745 maturescentibus
688 680 778 756 deam
806 681 981 758 Matutam
1009 700 1081 745 cunr
1109 684 1291 756 runcantur,

131 787 167 851 id
188 791 242 852 est
261 789 382 851 eterra
401 786 595 865 auferuntur,
616 786 707 852 deam
725 786 913 853 Runeinam.
936 787 1004 853 Nec
1028 787 1133 852 omnia
1156 805 1293 852 comme

132 913 238 970 moro,
273 893 347 976 qnia
379 911 430 958 me
462 893 552 978 piget
584 893 669 976 quod
699 893 773 958 illos
805 911 866 960 non
904 893 1013 978 pudet.
1059 893 1148 958 Haec
1184 895 1290 957 autem

102 999 336 1083 spauuisaima
362 999 434 1064 ideo
459 999 531 1076 diri,
556 1004 593 1064 ut
615 1001 855 1086 intellegeretur
878 1002 966 1066 nullo
991 1000 1085 1066 modo
1109 1017 1164 1065 ecs
1189 1000 1291 1065 dicero

133 1107 254 1172 audere
277 1106 342 1172 ista
363 1107 494 1172 numina
515 1107 685 1190 imperium
709 1107 916 1173 constituisse
940 1107 1065 1172 auxisse
1084 1125 1292 1172 conseruasse

132 1213 328 1292 Romanum,
347 1231 429 1296 quae
446 1213 492 1278 ita
511 1213 580 1279 suis
600 1231 743 1298 quaeque
763 1214 995 1279 adhibebantur
1013 1213 1137 1290 officiis,
1155 1216 1194 1278 ut
1211 1211 1292 1277 nihil

132 1321 324 1386 uniuersum
349 1321 405 1385 uni
428 1321 524 1386 alicui
548 1321 736 1386 crederetur.
762 1321 895 1402 Quando
920 1340 994 1404 ergo
1015 1319 1144 1404 Segetia
1166 1321 1291 1384 curaret

131 1427 318 1510 imperium,
343 1428 395 1492 cui
424 1447 533 1493 curam
560 1447 667 1512 gerere
697 1428 794 1492 simul
822 1432 855 1493 ot
882 1427 1046 1513 segetibus
1070 1429 1103 1491 et
1125 1426 1289 1491 arboribus

89 1559 113 1598 10
133 1554 196 1599 non
226 1535 366 1599 licebat?
404 1532 536 1613 Quando
566 1535 604 1600 da
633 1536 728 1600 ermis
753 1535 876 1601 Canina
899 1535 1063 1620 cogitaret,
1088 1533 1179 1600 cuins
1202 1551 1289 1617 prae-

132 1642 281 1722 positura
296 1643 501 1724 paruulorum
517 1661 615 1706 canas
630 1661 691 1706 non
707 1641 950 1726 permittebatur
964 1641 1131 1706 excedere?
1156 1636 1288 1719 Quando

132 1747 286 1812 Nodutus
306 1746 473 1812 adiuuaret
496 1747 644 1826 inbelle,
669 1749 723 1830 qui
747 1766 805 1814 nea
829 1748 869 1812 ad
890 1747 1072 1813 folliculum
1095 1745 1212 1831 spicae,
1232 1745 1289 1811 sed

133 1856 260 1919 tantum
284 1853 324 1918 ad
348 1853 465 1919 nodum
490 1853 630 1938 geniculi
652 1855 850 1938 pertinebat?
890 1854 992 1920 Unum
1018 1853 1153 1936 quisque
1178 1850 1287 1916 domui

134 1978 212 2024 suae
239 1961 332 2042 ponit
355 1961 530 2038 ostiarium,
555 1965 588 2025 et
611 1962 684 2043 quia
707 1960 802 2027 homo
827 1963 886 2039 est,
912 1960 1037 2026 omnino
1062 1959 1197 2025 suffieit:
1220 1960 1286 2022 tros

93 2087 116 2125 s
135 2064 210 2132 deos
225 2067 283 2132 isti
302 2070 488 2150 posuerunt,
503 2067 675 2132 Forculum
694 2067 826 2143 loribus,
844 2067 996 2134 Cardeam
1016 2065 1144 2142 cardini,
1163 2065 1287 2128 Limen-

133 2173 236 2238 tinum
264 2173 379 2239 limini.
422 2174 472 2238 Ita
503 2193 564 2239 non
596 2176 720 2258 poterat
746 2175 902 2240 Forculus
935 2174 1033 2240 simul
1065 2175 1097 2238 et
1129 2171 1287 2236 cardinem

132 2278 296 2362 limenque
321 2298 458 2345 seruare.

578 2435 714 2502 CAPUT
737 2435 841 2500 VlllI.

135 2578 187 2642 An
211 2579 382 2663 imperii
405 2579 569 2644 Romani
595 2577 823 2662 amplitudo
849 2580 887 2642 et
910 2575 1168 2641 diuturnitas
1191 2573 1283 2638 Ioui

96 2685 268 2751 afuerit
296 2685 578 2764 adscribenda,
609 2705 722 2768 quem
746 2703 938 2750 summum
963 2683 1075 2747 deum
1100 2679 1284 2746 cultores

516 2791 650 2874 ipsius
675 2791 903 2874 opinantur.

178 2933 308 2999 Omissa
331 2934 432 3018 igitur
453 2933 517 2998 ista
540 2933 632 2998 turba
649 2933 846 2997 minutorum
865 2930 995 2997 deorum
1015 2930 1067 2996 uel
1086 2930 1283 3012 aliquantam

135 3041 316 3106 intermissa
344 3039 484 3105 officium
512 3039 667 3104 maiorum
695 3037 825 3104 deorum
854 3037 1006 3103 debemus
1034 3035 1200 3118 inquirere,
1221 3051 1283 3116 quo

135 3148 236 3212 Roma
260 3151 326 3212 tam
345 3166 460 3231 magna
477 3146 562 3211 facta
580 3151 639 3220 est,
659 3149 779 3211 uttam
799 3145 853 3210 diu
871 3149 921 3212 tot
939 3145 1087 3230 gentibus
1106 3143 1282 3226 imperaret.

96 3275 120 3318 rs
135 3254 294 3318 Nimirum
333 3273 407 3338 ergo
440 3253 527 3318 Iouis
565 3254 624 3319 hoc
662 3271 742 3335 opus
780 3256 839 3318 est.
885 3253 995 3335 Ipsum
1034 3251 1116 3316 enim
1153 3248 1283 3314 deorum

136 3361 277 3426 omnium
302 3359 492 3442 dearumque
514 3379 622 3444 regem
645 3360 773 3425 uolunt:
797 3358 859 3423 hoc
882 3359 950 3422 eius
974 3356 1092 3421 indicat
1111 3357 1282 3437 sceptrum,

134 3466 195 3530 lroc
224 3466 256 3530 in
285 3465 348 3530 alto
372 3464 453 3530 colle
479 3464 682 3548 Capitolium.
719 3464 766 3529 De
794 3463 856 3528 isto
885 3463 943 3529 deo
972 3461 1119 3546 quamuis
1147 3465 1283 3545 aposta

135 3572 255 3637 dictum
280 3571 578 3637 conuenientissime
601 3571 795 3653 praedicant:

223 3683 302 3740 Iouis
326 3682 424 3742 omnia
445 3682 541 3756 plena.

224 3887 258 3940 29
276 3885 358 3955 Verg.
378 3885 434 3940 acl.
454 3886 479 3949 3,
498 3887 534 3941 60

171 4018 186 4070 'l
202 4019 286 4075 athib.
301 4019 361 4073 La
413 4019 444 4072 10
460 4018 642 4089 praepolituia
658 4017 681 4071 C
729 4019 761 4072 12
777 4017 893 4072 nodutus
907 4016 1101 4084 Lllabdep
1112 4033 1144 4086 q‚·
1157 3973 1243 4070 codri:
1260 4015 1284 4070 O

137 4107 170 4162 13
188 4125 256 4162 unus
273 4105 398 4162 Co²b²e
452 4107 543 4161 domui
557 4106 616 4162 La
628 4107 801 4175 stirpata·
819 4107 892 4161 dorni
913 4105 1115 4160 Cb¹dDomb
1170 4105 1203 4160 15
1223 4121 1281 4159 car-

137 4195 210 4251 deam
229 4195 796 4266 LllGab²dappo;carneenrb¹lc¹f
866 4193 1068 4250 aoiobiaan
1135 4195 1279 4264 2bregem

136 4286 225 4354 codd.,·
242 4302 336 4356 regem
356 4301 448 4339 esser
520 4284 588 4356 eius]
609 4284 716 4354 enimq
