3108 4926
297 407 361 471 336
641 404 667 458 S.
696 403 851 466 Aurelii
880 402 1097 471 Augustini

296 599 444 683 fingatur,
466 601 550 664 eirea
573 619 643 664 eam
666 618 738 664 eum
763 599 868 663 omnia
890 601 1089 674 moueantur,
1109 597 1212 680 ipsam
1232 617 1292 662 non
1311 597 1428 662 moueri.

298 705 391 784 Quod
421 705 531 772 Gallos
560 705 635 770 huie
664 705 739 769 deae
768 709 805 769 ut
833 705 989 768 seruirent
1016 703 1169 781 lecerunt,
1199 704 1360 788 signifieat,
1382 705 1428 786 qui

298 813 418 878 semine
446 812 619 896 indigeant,
643 814 758 876 terram
782 811 873 893 sequi
897 813 1054 893 oportere;
1084 811 1115 874 in
1139 831 1176 874 ea
1199 812 1316 895 quippe
1339 811 1430 875 omnia

296 919 437 1002 reperiri.
476 919 567 999 Quod
596 937 630 982 se
659 922 737 1000 aput
764 937 834 981 eam
861 917 990 996 iactant,
1025 917 1228 1001 praecipitur,
1252 917 1362 1000 inquit,
1384 917 1429 999 qui

298 1031 414 1090 terram
447 1025 567 1103 colunt,
596 1044 634 1088 ne
668 1023 814 1099 sedeant;
847 1043 972 1106 semper
1005 1023 1087 1088 enim
1121 1043 1191 1088 esse
1225 1024 1309 1107 quod
1340 1027 1430 1108 agant.
1457 1049 1467 1087 e

300 1132 526 1216 Cymbalorum
555 1131 680 1196 sonitus
708 1129 969 1195 ferramentorum
991 1130 1210 1195 iactandorum
1235 1151 1271 1195 66
1296 1150 1432 1194 mannum
1527 1135 1528 1222 1

300 1245 333 1304 61
360 1239 429 1304 6166
457 1239 502 1302 rei
527 1239 681 1320 crepitum
705 1237 737 1300 in
762 1236 892 1302 colendo
917 1255 991 1320 agro
1017 1239 1071 1320 qui
1094 1237 1131 1301 fit
1154 1237 1347 1320 significent;
1373 1237 1433 1300 ideo
1527 1245 1528 1248 ’

300 1365 381 1422 aere,
406 1345 489 1428 quod
519 1364 588 1408 eam
611 1344 734 1426 antiqui
758 1343 903 1408 uolebant
926 1362 1006 1418 aere,
1031 1347 1199 1426 antequam
1222 1346 1339 1408 ferrum
1362 1347 1434 1407 esset

299 1454 476 1517 inuentum.
499 1452 649 1529 Leonem,
673 1451 787 1533 inquit,
808 1450 984 1533 adiungunt
1008 1451 1150 1516 solutum
1176 1471 1211 1516 ae
1235 1455 1433 1524 mansuetum,
1527 1491 1528 1502 ,

301 1562 339 1622 ut
362 1558 530 1623 ostendant
552 1557 675 1622 nullum
699 1575 800 1641 genus
825 1573 895 1621 esse
918 1561 1018 1620 terrae
1038 1559 1103 1620 tarn
1122 1561 1282 1620 remotum
1302 1576 1337 1622 ae
1354 1556 1434 1620 uehe-
1452 1579 1471 1616 6

301 1668 423 1729 menter
455 1665 566 1742 lerum,
595 1664 679 1746 quod
712 1683 772 1728 non
807 1663 913 1746 subigi
946 1663 1070 1746 eolique
1099 1664 1289 1728 conueniat‘
1329 1663 1435 1728 Deinde
1527 1631 1528 1676 ¹

302 1772 448 1856 adiungit
476 1774 508 1835 et
536 1771 623 1850 dicit,
647 1770 807 1834 Tellurem
831 1773 963 1834 matrem
989 1773 1021 1835 et
1043 1769 1224 1835 nominibus
1249 1771 1389 1854 pluribus
1410 1772 1436 1832 et
1527 1763 1528 1768 ’

303 1878 543 1963 cognominibus
578 1877 662 1960 quod
692 1877 902 1954 nominarunt,
933 1877 1008 1942 deos
1042 1877 1239 1941 existimatos
1277 1897 1345 1943 esse
1376 1895 1436 1942 eon·
1527 1923 1528 1934 ,

302 1989 420 2068 plures,
458 1985 638 2062 ‘Tellurem
662 1984 776 2067 inquit,
800 1987 914 2066 putant
938 2003 1009 2048 esse
1034 1982 1144 2067 Opem,
1169 1984 1253 2068 quod
1277 2003 1365 2068 opere
1390 1983 1438 2045 liat
1527 1965 1528 2050 ζ

304 2092 428 2166 melior,
458 2091 604 2166 Matrem,
634 2090 718 2172 quod
745 2090 883 2172 plurima
909 2091 1024 2173 pariat3
1053 2091 1212 2176 Magnam,
1237 2090 1474 2173 1661611666
1527 2079 1528 2138 ἶ

303 2198 419 2282 pariat;
447 2197 677 2278 Proserpinam,
708 2197 790 2280 quod
820 2216 855 2260 er
883 2216 920 2260 ea
947 2203 1133 2281 proserpant
1159 2198 1283 2282 frugem
1309 2197 1437 2267 Vestem,
1527 2179 1528 2216 ³

305 2305 390 2388 quod
413 2305 571 2368 uestiatur
593 2304 710 2368 herbis.
744 2303 795 2368 Sic
819 2303 896 2367 alias
922 2303 1006 2383 deas,
1031 2304 1143 2387 inquit,
1167 2324 1229 2370 non
1254 2304 1383 2370 absurde
1405 2301 1438 2365 61
1527 2315 1528 2320 ’

304 2413 386 2476 1666
414 2412 587 2475 reuocant.²
624 2410 657 2475 Si
686 2429 759 2494 ergo
790 2429 852 2474 una
879 2410 938 2475 dea
966 2414 1024 2486 est,
1049 2431 1129 2493 quae
1154 2411 1282 2494 quidem
1306 2410 1440 2476 66666116

306 2517 440 2582 ueritate
468 2535 525 2581 neo
555 2517 625 2598 ipsa
653 2519 712 2592 661,
741 2517 866 2580 interim
900 2516 976 2599 quid
1008 2517 1073 2581 itur
1104 2516 1136 2581 in
1169 2518 1309 2582 multas?
1350 2517 1440 2582 Unius

307 2625 372 2688 sint
399 2625 462 2687 ista
489 2625 591 2687 multa
614 2623 751 2700 nomina,
776 2642 836 2687 non
861 2627 927 2687 tam
952 2623 1027 2688 deae
1051 2623 1171 2688 multae
1196 2643 1291 2706 quam
1317 2623 1441 2688 nomina.
1457 2639 1477 2676 2⁰
1527 2661 1528 2702 3

309 2729 371 2796 Sed
395 2730 565 2795 errantium
589 2731 744 2794 maiorum
769 2729 941 2794 auotoritas
966 2729 1443 2812 1616161161666161611666-
1527 2709 1528 2722 ³

309 2858 381 2902 nem
403 2841 478 2920 poet
500 2838 580 2902 hano
604 2838 792 2902 sententiam
816 2837 971 2920 trepidare
1000 2838 1162 2921 conpellit.
1190 2838 1347 2922 Adiungit
1374 2837 1444 2901 enim
1527 2869 1528 2928 1

310 2949 342 3008 61
370 2944 461 3007 dioit:
486 2943 577 3008 ‘Cum
607 2944 722 3028 quibus
751 2945 856 3026 opinio
884 2945 1040 3008 maiorum
1069 2945 1107 3009 de
1134 2944 1185 3008 his
1215 2945 1345 3022 deabus,
1373 2939 1445 3027 quod

310 3052 418 3134 plures
444 3070 496 3114 ees
519 3053 671 3132 putarunt
694 3069 774 3128 esse,
795 3070 856 3115 non
880 3055 1021 3134 pugnat)
1045 3050 1114 3130 Quo
1134 3051 1228 3116 modo
1248 3071 1307 3116 non
1327 3049 1445 3134 pugnat,

312 3176 383 3220 eum
412 3157 504 3222 ualde
533 3157 619 3220 aliud
644 3157 686 3220 sit
709 3177 803 3221 unam
833 3157 922 3221 deam
947 3159 1075 3221 nomina
1097 3157 1213 3222 habere
1236 3159 1348 3236 multa,
1372 3152 1480 3220 611611
1527 3153 1528 3248 1

313 3282 382 3326 6666
411 3262 486 3326 1666
514 3263 656 3328 multas?
692 3262 768 3328 ‘Sed
791 3267 908 3346 potest,
932 3264 1045 3346 inquit,
1070 3264 1136 3328 fieri
1161 3268 1198 3328 ut
1221 3265 1330 3330 eadem
1354 3263 1447 3328 reret

352 3481 364 3533 l
386 3481 523 3549 fingantur
542 3497 575 3534 66
593 3481 744 3550 figurantur
763 3497 863 3550 cornp
917 3481 1093 3551 iniquia
1148 3482 1164 3534 6
1182 3481 1368 3534 iactandorurn
1381 3494 1446 3540 mss.;

313 3569 489 3622 iactationem
508 3568 607 3623 Domb.
699 3586 825 3622 manuum
845 3587 923 3624 usum
943 3570 1012 3623 roni.
1032 3569 1134 3638 Haupt
1153 3571 1171 3625 1.
1192 3570 1210 3622 l.
1293 3569 1447 3637 irrepitum

314 3657 427 3724 Domb.;
452 3658 569 3726 crepitus
590 3658 667 3712 6611.
777 3659 893 3728 crepitus
916 3659 944 3712 in
963 3659 1014 3712 eol.
1033 3675 1098 3728 agro
1119 3660 1165 3728 qui
1183 3659 1253 3712 fiunt
1271 3659 1341 3714 6661.
1360 3657 1447 3722 Haupt

313 3747 344 3800 in
368 3747 410 3800 ool
412 3787 508 3802 ......
520 3746 592 3815 qnod
615 3763 666 3802 om.
691 3747 719 3799 b¹
828 3747 893 3817 quid
915 3748 982 3815 fitp
1073 3749 1106 3802 10
1135 3765 1192 3801 esse
1218 3749 1324 3802 nullum
1342 3757 1447 3818 genneo

317 3836 348 3888 11
369 3835 456 3889 subici
476 3835 486 3888 1
573 3837 605 3889 13
625 3853 691 3904 quos
712 3837 733 3889 ll
821 3839 854 3890 15
873 3837 990 3907 plurima
1007 3837 1129 3906 replete
1220 3839 1253 3892 16
1272 3837 1448 3907 proserpente

318 3951 350 4004 18
370 3967 424 4004 una
443 3950 505 4020 dea]
526 3952 632 4004 66166
685 3953 718 4006 19
739 3951 886 4022 quidieitnr
905 3953 965 4020 61,-
983 3911 1171 4022 161116116112
1225 3954 1260 4007 20
1279 3952 1448 4006 multaret

315 4041 428 4093 numina
449 4056 524 4093 6666
549 4058 566 4090 α
589 4047 613 4094 61
635 4040 674 4094 aio
693 4041 791 4096 Domb.
816 4042 1002 4110 interpretans
1025 4043 1105 4095 ‘uires
1129 4042 1260 4110 diuinas',·
1282 4043 1402 4096 sednon
1422 4035 1449 4088 11

316 4130 433 4192 uiribus,
452 4129 533 4182 immo
558 4129 590 4183 16
612 4131 770 4183 nominibus
792 4131 877 4183 616166
901 4131 967 4184 1666
993 4131 1174 4200 6911666666
1192 4136 1449 4200 generasenorum

313 4224 428 4286 propter
446 4219 589 4270 nominem
606 4218 810 4272 multitudinem
830 4220 941 4272 totidem
959 4221 1026 4274 1666
1048 4220 1193 4289 16966166
1215 4221 1273 4274 sint
1295 4221 1342 4288 (os.
1365 4217 1382 4270 1.
1405 4215 1447 4278 11)

319 4310 352 4361 25
371 4307 470 4360 babere
489 4307 598 4360 nomina
618 4325 631 4359 e
685 4307 719 4362 26
738 4308 837 4361 multas
856 4309 914 4362 fieri
934 4325 947 4362 e
1020 4313 1048 4362 et
1067 4315 1132 4363 rente
1150 4325 1204 4362 nna
1222 4325 1273 4365 om.
1294 4327 1312 4362 a
