3164 4932
386 443 436 498 De
465 447 640 500 ciuitate
670 445 731 499 dei
759 445 824 502 lib.
852 445 926 500 XIII.
956 464 1030 516 cap.
1058 447 1102 502 23.
1255 444 1320 514 649

172 637 401 704 habitatin
431 639 567 706 uobis:
597 639 664 722 qui
694 639 924 705 susciteuit
947 639 1156 705 Christum
1181 659 1199 704 a
1226 660 1320 705 mor-

171 745 257 812 tuis
295 745 540 811 uiuificabit
577 747 845 812 etmortaiie
877 765 1046 829 corpore
1079 750 1220 812 uestra
1251 761 1322 831 per

171 851 474 918 inhabitantem
498 852 691 935 spiritum
715 853 803 918 eius
828 853 865 917 in
890 852 1020 920 uobis.
1049 853 1137 918 Tunc
1162 871 1236 936 ergo
1261 854 1321 918 erit

172 977 287 1042 corpus
318 959 350 1024 in
381 959 531 1041 spiritum
563 957 791 1035 mirificantem,
824 959 909 1042 quod
937 978 1018 1024 nune
1047 962 1097 1024 est
1123 961 1154 1024 in
1183 961 1319 1024 animam

139 1064 347 1141 currentem
391 1070 423 1130 et
463 1070 569 1130 tamen
612 1069 773 1131 mortuum
816 1065 894 1131 dicit
935 1065 1110 1149 apostolus,
1148 1067 1222 1151 quia
1256 1066 1319 1131 inm

170 1171 325 1237 moriendi
348 1172 544 1237 necessitate·
560 1172 767 1238 constrictum
791 1177 850 1237 est.
888 1173 975 1236 Tunc
1000 1176 1107 1238 eutem
1128 1173 1175 1237 ita
1198 1173 1319 1238 eratin
1346 1225 1348 1238 ,

172 1277 307 1342 animam
335 1279 508 1354 uiuentem,
537 1279 684 1361 quamuis
712 1297 774 1342 non
802 1280 833 1342 in
858 1279 1005 1362 spiritum
1031 1278 1258 1357 uindicantem,
1284 1281 1321 1342 ut

171 1387 276 1448 tamen
299 1387 461 1449 mortuum
484 1384 547 1449 dici
569 1404 632 1450 non
655 1389 740 1450 recte
762 1389 883 1468 posset,
906 1387 980 1468 quia
1002 1386 1064 1450 niei
1087 1386 1320 1470 perpetratione

172 1491 294 1572 peccati
322 1491 545 1556 necessitatem
573 1490 726 1556 moriendi
752 1491 868 1556 habere
896 1509 957 1556 non
981 1494 1100 1574 posset.
1139 1491 1219 1556 Cum
1243 1511 1319 1556 uero

127 1598 259 1664 rcDeus
297 1600 329 1662 et
365 1598 513 1662 dicendo:
550 1597 682 1675 Adam,
719 1597 788 1662 ubi
821 1601 886 1663 es?
924 1601 1056 1662 mortem
1090 1597 1320 1683 significeuerit

172 1703 304 1778 animae,
339 1723 419 1786 quse
454 1704 540 1768 fecte
576 1707 626 1768 est
657 1704 713 1769 iilo
748 1704 921 1778 deserente,
954 1707 987 1769 et
1019 1704 1165 1769 dicendo:
1198 1705 1319 1768 Terra

172 1827 212 1875 es
237 1810 336 1874 etin
361 1811 509 1875 terrem
532 1809 614 1874 ibis
638 1813 773 1876 mortem
802 1809 1031 1895 signifieauen‘t
1063 1811 1213 1894 eorporis,
1237 1827 1319 1893 quae

172 1916 220 1980 illi
247 1915 284 1980 tit
310 1916 416 1980 anime
442 1915 638 1982 discedente:
671 1920 838 2001 propterea
869 1915 908 1982 de
940 1917 1209 1984 morte'secunda
1240 1916 1320 1982 nihil

171 2021 288 2086 dixisse
325 2022 499 2088 credendus
536 2025 596 2099 est,
633 2023 708 2104 quia
744 2023 902 2088 occultam
940 2043 1011 2089 esse
1047 2023 1153 2089 uoluit
1193 2025 1320 2107 propter

128 2155 152 2196 re
171 2129 440 2212 dispensationem
472 2130 654 2194 testamenti
691 2130 776 2208 noui,
808 2128 864 2194 ubi
902 2130 1041 2194 secunda
1072 2148 1156 2194 more
1188 2128 1320 2210 apertis-

170 2236 251 2300 sime
279 2235 469 2312 declaratum
498 2239 536 2301 ut
562 2233 650 2319 prius
682 2236 748 2302 iste
778 2254 863 2300 more
891 2235 1003 2318 prime,
1031 2253 1112 2317 quae
1140 2235 1318 2300 communis

171 2347 221 2407 est
254 2343 410 2420 omnibus,
443 2343 630 2426 proderetur
662 2359 698 2406 er
735 2343 790 2407 illo
827 2341 954 2406 uenisse
991 2345 1132 2424 peccato,
1165 2341 1249 2424 quod
1285 2341 1317 2405 in

171 2468 234 2514 uno
263 2468 429 2516 commune
457 2451 579 2515 iactum
607 2451 657 2514 est
684 2449 846 2525 omnibue;
877 2467 961 2514 more
989 2467 1065 2514 uero
1097 2447 1234 2513 secunda
1256 2467 1316 2512 non

169 2556 281 2638 utique
322 2557 501 2622 communis
543 2559 593 2622 eet
627 2556 775 2622 omnibus
812 2559 940 2639 propter
976 2573 1040 2634 eos,
1078 2554 1146 2639 qui
1184 2573 1318 2620 secun-

125 2687 153 2728 ao
171 2661 260 2726 dum
288 2663 545 2746 propositum
573 2664 714 2728 uocati
738 2666 841 2740 sunt,
867 2677 967 2746 quos
991 2666 1063 2727 ente
1086 2662 1319 2745 praescidit

171 2774 210 2834 et
232 2768 573 2852 praedestineuit,
599 2770 684 2834 sicut
707 2771 752 2834 ait
775 2769 950 2852 apostolus,
975 2769 1204 2834 conformes
1228 2768 1317 2832 ima-

171 2875 281 2961 ginis
311 2876 396 2942 Iilii
425 2876 500 2957 sui,
525 2881 569 2940 ut
593 2877 649 2942 stt
672 2876 761 2960 ipse
784 2875 1086 2960 primogenitus
1110 2875 1148 2940 in
1173 2875 1318 2940 multis

169 2983 384 3061 fratribus,
409 3003 489 3066 quos
513 3003 532 3048 a
555 2983 693 3050 secunda
715 2987 818 3048 morte
836 3003 892 3067 per
911 2981 1118 3047 Mediatorem
1137 2982 1197 3046 Dei
1216 2982 1319 3066 gratie

169 3087 327 3155 liberauit.

124 3221 151 3261 ae
214 3197 250 3260 In
287 3215 416 3280 corpore
453 3215 527 3281 ergo
565 3196 694 3262 animali
735 3195 873 3278 primum
891 3225 893 3232 ·
914 3194 1073 3260 hominem
1111 3195 1230 3260 iactum
1270 3195 1318 3261 sic

170 3301 334 3384 apostolus
361 3304 513 3385 quuitur.
542 3303 660 3368 Volens
688 3303 772 3368 enim
800 3303 838 3366 ab
868 3301 1014 3385 spirituli,
1042 3302 1128 3385 quod
1155 3303 1187 3366 in
1214 3320 1317 3367 resur·

169 3409 307 3474 rectione
335 3409 479 3474 turturum
507 3413 567 3488 eet,
595 3410 654 3474 hoc
679 3409 764 3492 quod
787 3425 869 3473 nunc
894 3412 944 3474 est
966 3408 1101 3473 animale
1124 3408 1316 3474 discernere:

171 3514 413 3595 Seminatur,
441 3517 555 3600 inquit,
584 3516 622 3580 in
651 3515 926 3599 corruptione,
958 3518 1101 3598 surget
1128 3515 1166 3579 in
1191 3515 1316 3580 incor-

261 3742 291 3796 11
313 3741 379 3796 Gen.
400 3743 424 3805 3.
444 3743 473 3807 9;
496 3743 528 3797 19
585 3744 618 3796 19
636 3743 713 3796 Βοιιι.
734 3743 759 3806 8,
779 3743 813 3797 28
833 3759 872 3812 eq.

206 3885 222 3938 6
242 3887 426 3946 constructum
446 3886 488 3937 est
506 3887 539 3938 ut
555 3886 647 3938 tamen
667 3883 701 3950 (1.
721 3885 752 3948 8)
771 3884 878 3938 omissis
897 3900 968 3952 quae
985 3883 1157 3937 intercedunt
1176 3883 1191 3936 b
1276 3883 1317 3936 ita

170 3973 505 4042 erutaeipmitacm.
529 3971 703 4048 VfDomt.
777 3974 996 4042 8rectenonu
1069 3971 1164 4025 aere
1180 3970 1275 4076 possit
1294 3971 1315 4026 1ι

168 4091 266 4144 ticum
285 4105 349 4158 ergo
369 4093 397 4141 et
417 4088 482 4141 deus
502 4087 667 4158 discendcb
742 4089 771 4142 11
800 4087 908 4142 dicente
933 4087 976 4141 VI
1049 4087 1081 4140 13
1101 4086 1318 4150 discerpenteV

171 4181 204 4232 14
223 4177 363 4232 occultae
436 4177 468 4230 18
493 4178 557 4246 uno]
577 4177 635 4240 illo,
654 4178 685 4230 in
704 4193 788 4247 marg.
808 4192 904 4242 nume
976 4177 1010 4229 20
1035 4177 1126 4230 uocati
1145 4177 1210 4228 sunt
1228 4175 1316 4228 suncti

164 4271 270 4337 puett.
290 4266 351 4322 edd.
429 4264 653 4336 quos...preed.
673 4281 724 4320 om.
739 4282 762 4334 p
834 4267 866 4319 21
888 4265 1038 4320 conformes
1057 4265 1151 4332 flerip
1169 4269 1235 4317 cett.
1254 4262 1315 4318 edd.

167 4353 204 4408 24
222 4353 415 4423 liberabitpu
478 4355 512 4408 28
530 4371 585 4424 sqq.
606 4360 700 4424 surget
724 4355 808 4422 Veu;
827 4355 915 4424 surgit
934 4371 951 4406 a
963 4355 1078 4423 ἰιροιβ,Ι
1097 4354 1186 4422 surgIt
1204 4351 1224 4406 1¹
