<?xml version="1.0" encoding="UTF-8"?>
<!DOCTYPE html PUBLIC "-//W3C//DTD XHTML 1.0 Transitional//EN"
    "http://www.w3.org/TR/xhtml1/DTD/xhtml1-transitional.dtd">
<html xmlns="http://www.w3.org/1999/xhtml" xml:lang="en" lang="en">
 <head>
  <title>
</title>
<meta http-equiv="Content-Type" content="text/html;charset=utf-8" />
  <meta name='ocr-system' content='tesseract 3.04.00' />
  <meta name='ocr-capabilities' content='ocr_page ocr_carea ocr_par ocr_line ocrx_word'/>
</head>
<body>
  <div class='ocr_page' id='page_1' title='image "./corpusscriptoru20wiengoog_0392.png"; bbox 0 0 3108 4926; ppageno 0'>
   <div class='ocr_carea' id='block_1_1' title="bbox 365 411 1284 486">
    <p class='ocr_par' dir='ltr' id='par_1_1' title="bbox 365 411 1284 486">
     <span class='ocr_line' id='line_1_1' title="bbox 365 411 1284 486; baseline 0.01 -20"><span class='ocrx_word' id='word_1_1' title='bbox 365 411 415 466; x_wconf 85' lang='lat' dir='ltr'>De</span> <span class='ocrx_word' id='word_1_2' title='bbox 445 413 620 467; x_wconf 88' lang='lat' dir='ltr'>ciuitate</span> <span class='ocrx_word' id='word_1_3' title='bbox 648 413 710 468; x_wconf 87' lang='lat' dir='ltr'>dei</span> <span class='ocrx_word' id='word_1_4' title='bbox 738 413 802 468; x_wconf 87' lang='lat' dir='ltr'>lib.</span> <span class='ocrx_word' id='word_1_5' title='bbox 830 413 905 469; x_wconf 88' lang='lat' dir='ltr'>VIII.</span> <span class='ocrx_word' id='word_1_6' title='bbox 935 433 1010 486; x_wconf 88' lang='lat' dir='ltr'>cap.</span> <span class='ocrx_word' id='word_1_7' title='bbox 1038 418 1063 470; x_wconf 83' lang='lat'>5.</span> <span class='ocrx_word' id='word_1_8' title='bbox 1220 421 1284 484; x_wconf 91' lang='grc'>361</span> 
     </span>
    </p>
   </div>
   <div class='ocr_carea' id='block_1_2' title="bbox 618 606 815 674">
    <p class='ocr_par' dir='ltr' id='par_1_2' title="bbox 618 606 815 674">
     <span class='ocr_line' id='line_1_2' title="bbox 618 606 815 674; baseline 0.01 -2"><span class='ocrx_word' id='word_1_9' title='bbox 618 606 755 674; x_wconf 76' lang='lat' dir='ltr'><strong>CAPUT</strong></span> <span class='ocrx_word' id='word_1_10' title='bbox 779 607 815 674; x_wconf 89' lang='lat' dir='ltr'>V.</span> 
     </span>
    </p>
   </div>
   <div class='ocr_carea' id='block_1_3' title="bbox 141 747 1284 1049">
    <p class='ocr_par' dir='ltr' id='par_1_3' title="bbox 141 747 1284 1049">
     <span class='ocr_line' id='line_1_3' title="bbox 142 747 1284 836; baseline 0.005 -24"><span class='ocrx_word' id='word_1_11' title='bbox 142 747 253 828; x_wconf 85' lang='lat' dir='ltr'>Quod</span> <span class='ocrx_word' id='word_1_12' title='bbox 293 747 337 813; x_wconf 89' lang='lat' dir='ltr'>do</span> <span class='ocrx_word' id='word_1_13' title='bbox 374 748 587 834; x_wconf 80' lang='lat' dir='ltr'>theologia</span> <span class='ocrx_word' id='word_1_14' title='bbox 624 770 709 815; x_wconf 91' lang='lat' dir='ltr'>cum</span> <span class='ocrx_word' id='word_1_15' title='bbox 747 750 979 816; x_wconf 81' lang='lat' dir='ltr'>Platonicis</span> <span class='ocrx_word' id='word_1_16' title='bbox 1021 753 1284 836; x_wconf 87' lang='lat' dir='ltr'>potissimum</span> 
     </span>
     <span class='ocr_line' id='line_1_4' title="bbox 141 855 1283 942; baseline 0.006 -24"><span class='ocrx_word' id='word_1_17' title='bbox 141 855 454 939; x_wconf 88' lang='lat' dir='ltr'>disceptandum</span> <span class='ocrx_word' id='word_1_18' title='bbox 479 856 543 933; x_wconf 87' lang='lat' dir='ltr'>sit,</span> <span class='ocrx_word' id='word_1_19' title='bbox 565 875 732 940; x_wconf 89' lang='lat' dir='ltr'>quorum</span> <span class='ocrx_word' id='word_1_20' title='bbox 757 859 942 942; x_wconf 91' lang='lat' dir='ltr'>opinioni</span> <span class='ocrx_word' id='word_1_21' title='bbox 962 859 1135 924; x_wconf 90' lang='lat' dir='ltr'>omnium</span> <span class='ocrx_word' id='word_1_22' title='bbox 1155 859 1283 942; x_wconf 91' lang='lat' dir='ltr'>philo-</span> 
     </span>
     <span class='ocr_line' id='line_1_5' title="bbox 286 962 1136 1049; baseline 0.005 -23"><span class='ocrx_word' id='word_1_23' title='bbox 286 962 501 1046; x_wconf 90' lang='lat' dir='ltr'>sophorum</span> <span class='ocrx_word' id='word_1_24' title='bbox 525 963 809 1046; x_wconf 89' lang='lat' dir='ltr'>postponenda</span> <span class='ocrx_word' id='word_1_25' title='bbox 832 963 916 1029; x_wconf 88' lang='lat' dir='ltr'>sint</span> <span class='ocrx_word' id='word_1_26' title='bbox 939 963 1136 1049; x_wconf 80' lang='lat' dir='ltr'>dogmata.</span> 
     </span>
    </p>
   </div>
   <div class='ocr_carea' id='block_1_4' title="bbox 3 1103 1317 3748">
    <p class='ocr_par' dir='ltr' id='par_1_4' title="bbox 114 1103 1286 1614">
     <span class='ocr_line' id='line_1_6' title="bbox 114 1103 1286 1190; baseline 0.006 -24"><span class='ocrx_word' id='word_1_27' title='bbox 114 1128 125 1166; x_wconf 79' lang='lat' dir='ltr'>s</span> <span class='ocrx_word' id='word_1_28' title='bbox 183 1103 218 1170; x_wconf 84' lang='lat' dir='ltr'>Si</span> <span class='ocrx_word' id='word_1_29' title='bbox 246 1122 320 1188; x_wconf 86' lang='lat' dir='ltr'>ergo</span> <span class='ocrx_word' id='word_1_30' title='bbox 345 1104 436 1169; x_wconf 88' lang='lat' dir='ltr'>Plato</span> <span class='ocrx_word' id='word_1_31' title='bbox 460 1105 520 1168; x_wconf 91' lang='lat' dir='ltr'>Dei</span> <span class='ocrx_word' id='word_1_32' title='bbox 547 1104 643 1170; x_wconf 87' lang='lat' dir='ltr'>buius</span> <span class='ocrx_word' id='word_1_33' title='bbox 667 1104 859 1172; x_wconf 73' lang='lat' dir='ltr'>imitatorem</span> <span class='ocrx_word' id='word_1_34' title='bbox 889 1106 1085 1190; x_wconf 87' lang='lat' dir='ltr'>cognitorem</span> <span class='ocrx_word' id='word_1_35' title='bbox 1113 1109 1286 1172; x_wconf 84' lang='lat' dir='ltr'>amatorem</span> 
     </span>
     <span class='ocr_line' id='line_1_7' title="bbox 139 1211 1285 1296; baseline 0.001 -21"><span class='ocrx_word' id='word_1_36' title='bbox 139 1211 217 1276; x_wconf 87' lang='lat' dir='ltr'>dixit</span> <span class='ocrx_word' id='word_1_37' title='bbox 240 1230 311 1275; x_wconf 88' lang='lat' dir='ltr'>esse</span> <span class='ocrx_word' id='word_1_38' title='bbox 331 1211 516 1292; x_wconf 86' lang='lat' dir='ltr'>sapientem,</span> <span class='ocrx_word' id='word_1_39' title='bbox 536 1213 628 1276; x_wconf 90' lang='lat' dir='ltr'>ouius</span> <span class='ocrx_word' id='word_1_40' title='bbox 647 1212 887 1296; x_wconf 81' lang='lat' dir='ltr'>participatione</span> <span class='ocrx_word' id='word_1_41' title='bbox 906 1212 949 1277; x_wconf 87' lang='lat' dir='ltr'>sit</span> <span class='ocrx_word' id='word_1_42' title='bbox 966 1212 1090 1289; x_wconf 87' lang='lat' dir='ltr'>beatus,</span> <span class='ocrx_word' id='word_1_43' title='bbox 1110 1213 1186 1296; x_wconf 89' lang='lat' dir='ltr'>quid</span> <span class='ocrx_word' id='word_1_44' title='bbox 1205 1231 1285 1296; x_wconf 90' lang='lat' dir='ltr'>opus</span> 
     </span>
     <span class='ocr_line' id='line_1_8' title="bbox 139 1317 1285 1402; baseline 0.003 -21"><span class='ocrx_word' id='word_1_45' title='bbox 139 1321 187 1381; x_wconf 87' lang='lat' dir='ltr'>est</span> <span class='ocrx_word' id='word_1_46' title='bbox 211 1319 356 1382; x_wconf 82' lang='lat' dir='ltr'>excutere</span> <span class='ocrx_word' id='word_1_47' title='bbox 380 1319 522 1382; x_wconf 85' lang='lat' dir='ltr'>cetoros?</span> <span class='ocrx_word' id='word_1_48' title='bbox 550 1317 639 1384; x_wconf 88' lang='lat' dir='ltr'>Nulli</span> <span class='ocrx_word' id='word_1_49' title='bbox 663 1317 755 1382; x_wconf 91' lang='lat' dir='ltr'>nobis</span> <span class='ocrx_word' id='word_1_50' title='bbox 779 1337 874 1401; x_wconf 89' lang='lat' dir='ltr'>quam</span> <span class='ocrx_word' id='word_1_51' title='bbox 902 1318 957 1384; x_wconf 87' lang='lat' dir='ltr'>isti</span> <span class='ocrx_word' id='word_1_52' title='bbox 984 1320 1113 1402; x_wconf 86' lang='lat' dir='ltr'>propius</span> <span class='ocrx_word' id='word_1_53' title='bbox 1145 1339 1285 1384; x_wconf 84' lang='lat' dir='ltr'>accesso·</span> 
     </span>
     <span class='ocr_line' id='line_1_9' title="bbox 138 1423 1284 1510; baseline 0.003 -23"><span class='ocrx_word' id='word_1_54' title='bbox 138 1429 220 1488; x_wconf 89' lang='lat' dir='ltr'>runt.</span> <span class='ocrx_word' id='word_1_55' title='bbox 246 1423 346 1489; x_wconf 84' lang='lat' dir='ltr'>Cedat</span> <span class='ocrx_word' id='word_1_56' title='bbox 360 1424 405 1490; x_wconf 87' lang='lat' dir='ltr'>eis</span> <span class='ocrx_word' id='word_1_57' title='bbox 419 1425 518 1510; x_wconf 85' lang='lat' dir='ltr'>igitur</span> <span class='ocrx_word' id='word_1_58' title='bbox 531 1444 592 1490; x_wconf 91' lang='lat' dir='ltr'>non</span> <span class='ocrx_word' id='word_1_59' title='bbox 611 1425 715 1489; x_wconf 89' lang='lat' dir='ltr'>solum</span> <span class='ocrx_word' id='word_1_60' title='bbox 735 1425 897 1510; x_wconf 87' lang='lat' dir='ltr'>theologia</span> <span class='ocrx_word' id='word_1_61' title='bbox 915 1426 971 1490; x_wconf 94' lang='lat' dir='ltr'>illa</span> <span class='ocrx_word' id='word_1_62' title='bbox 989 1426 1136 1492; x_wconf 88' lang='lat' dir='ltr'>fabulosa</span> <span class='ocrx_word' id='word_1_63' title='bbox 1155 1425 1284 1491; x_wconf 88' lang='lat' dir='ltr'>deorum</span> 
     </span>
     <span class='ocr_line' id='line_1_10' title="bbox 138 1529 1286 1614; baseline 0.002 -20"><span class='ocrx_word' id='word_1_64' title='bbox 138 1529 325 1595; x_wconf 81' lang='lat' dir='ltr'>criminibus</span> <span class='ocrx_word' id='word_1_65' title='bbox 353 1531 516 1596; x_wconf 86' lang='lat' dir='ltr'>oblectans</span> <span class='ocrx_word' id='word_1_66' title='bbox 544 1532 666 1596; x_wconf 90' lang='lat' dir='ltr'>animos</span> <span class='ocrx_word' id='word_1_67' title='bbox 694 1531 864 1614; x_wconf 88' lang='lat' dir='ltr'>inpiorum,</span> <span class='ocrx_word' id='word_1_68' title='bbox 888 1551 944 1596; x_wconf 90' lang='lat' dir='ltr'>nec</span> <span class='ocrx_word' id='word_1_69' title='bbox 974 1532 1077 1596; x_wconf 90' lang='lat' dir='ltr'>solum</span> <span class='ocrx_word' id='word_1_70' title='bbox 1107 1531 1202 1596; x_wconf 91' lang='lat' dir='ltr'>etiam</span> <span class='ocrx_word' id='word_1_71' title='bbox 1230 1531 1286 1596; x_wconf 90' lang='lat' dir='ltr'>illa</span> 
     </span>
    </p>

    <p class='ocr_par' dir='ltr' id='par_1_5' title="bbox 99 1635 1286 2146">
     <span class='ocr_line' id='line_1_11' title="bbox 99 1635 1285 1721; baseline 0.002 -21"><span class='ocrx_word' id='word_1_72' title='bbox 99 1665 122 1701; x_wconf 81' lang='grc' dir='ltr'>ιο</span> <span class='ocrx_word' id='word_1_73' title='bbox 139 1635 254 1713; x_wconf 87' lang='lat' dir='ltr'>ciuilis,</span> <span class='ocrx_word' id='word_1_74' title='bbox 271 1636 326 1700; x_wconf 90' lang='lat' dir='ltr'>ubi</span> <span class='ocrx_word' id='word_1_75' title='bbox 339 1636 444 1720; x_wconf 93' lang='lat' dir='ltr'>inpuri</span> <span class='ocrx_word' id='word_1_76' title='bbox 459 1637 627 1702; x_wconf 91' lang='lat' dir='ltr'>daemones</span> <span class='ocrx_word' id='word_1_77' title='bbox 642 1638 844 1702; x_wconf 87' lang='lat' dir='ltr'>terrestribus</span> <span class='ocrx_word' id='word_1_78' title='bbox 859 1638 985 1721; x_wconf 86' lang='lat' dir='ltr'>gaudiis</span> <span class='ocrx_word' id='word_1_79' title='bbox 1004 1638 1129 1704; x_wconf 84' lang='lat' dir='ltr'>deditos</span> <span class='ocrx_word' id='word_1_80' title='bbox 1148 1639 1285 1721; x_wconf 92' lang='lat' dir='ltr'>populos</span> 
     </span>
     <span class='ocr_line' id='line_1_12' title="bbox 139 1742 1284 1828; baseline 0.003 -22"><span class='ocrx_word' id='word_1_81' title='bbox 139 1742 267 1808; x_wconf 90' lang='lat' dir='ltr'>deorum</span> <span class='ocrx_word' id='word_1_82' title='bbox 301 1744 427 1808; x_wconf 86' lang='lat' dir='ltr'>nomine</span> <span class='ocrx_word' id='word_1_83' title='bbox 459 1743 647 1810; x_wconf 84' lang='lat' dir='ltr'>seducentes</span> <span class='ocrx_word' id='word_1_84' title='bbox 680 1746 835 1809; x_wconf 88' lang='lat' dir='ltr'>humanos</span> <span class='ocrx_word' id='word_1_85' title='bbox 868 1763 987 1810; x_wconf 90' lang='lat' dir='ltr'>errores</span> <span class='ocrx_word' id='word_1_86' title='bbox 1016 1749 1179 1828; x_wconf 86' lang='lat' dir='ltr'>tamquam</span> <span class='ocrx_word' id='word_1_87' title='bbox 1208 1762 1284 1810; x_wconf 88' lang='lat' dir='ltr'>suos</span> 
     </span>
     <span class='ocr_line' id='line_1_13' title="bbox 137 1849 1284 1932; baseline 0 -18"><span class='ocrx_word' id='word_1_88' title='bbox 137 1849 263 1916; x_wconf 88' lang='lat' dir='ltr'>diuinos</span> <span class='ocrx_word' id='word_1_89' title='bbox 282 1850 415 1916; x_wconf 89' lang='lat' dir='ltr'>honores</span> <span class='ocrx_word' id='word_1_90' title='bbox 435 1851 549 1916; x_wconf 87' lang='lat' dir='ltr'>habere</span> <span class='ocrx_word' id='word_1_91' title='bbox 568 1851 749 1928; x_wconf 89' lang='lat' dir='ltr'>uoluerunt,</span> <span class='ocrx_word' id='word_1_92' title='bbox 765 1851 803 1916; x_wconf 91' lang='lat' dir='ltr'>ad</span> <span class='ocrx_word' id='word_1_93' title='bbox 823 1851 1012 1932; x_wconf 87' lang='lat' dir='ltr'>spectandos</span> <span class='ocrx_word' id='word_1_94' title='bbox 1032 1869 1162 1916; x_wconf 91' lang='lat' dir='ltr'>suorum</span> <span class='ocrx_word' id='word_1_95' title='bbox 1182 1850 1284 1915; x_wconf 90' lang='lat' dir='ltr'>crimi-</span> 
     </span>
     <span class='ocr_line' id='line_1_14' title="bbox 136 1957 1284 2046; baseline 0.003 -27"><span class='ocrx_word' id='word_1_96' title='bbox 136 1976 212 2046; x_wconf 85' lang='lat' dir='ltr'>num</span> <span class='ocrx_word' id='word_1_97' title='bbox 240 1957 335 2022; x_wconf 91' lang='lat' dir='ltr'>ludos</span> <span class='ocrx_word' id='word_1_98' title='bbox 364 1958 501 2022; x_wconf 86' lang='lat' dir='ltr'>cultores</span> <span class='ocrx_word' id='word_1_99' title='bbox 530 1976 605 2023; x_wconf 91' lang='lat' dir='ltr'>suos</span> <span class='ocrx_word' id='word_1_100' title='bbox 624 1961 798 2040; x_wconf 39' lang='lat' dir='ltr'>xtamquam</span> <span class='ocrx_word' id='word_1_101' title='bbox 827 1957 866 2021; x_wconf 90' lang='lat' dir='ltr'>ad</span> <span class='ocrx_word' id='word_1_102' title='bbox 894 1976 989 2022; x_wconf 89' lang='lat' dir='ltr'>suum</span> <span class='ocrx_word' id='word_1_103' title='bbox 1017 1958 1140 2022; x_wconf 89' lang='lat' dir='ltr'>cultum</span> <span class='ocrx_word' id='word_1_104' title='bbox 1168 1957 1284 2022; x_wconf 87' lang='lat' dir='ltr'>studiis</span> 
     </span>
     <span class='ocr_line' id='line_1_15' title="bbox 137 2063 1286 2146; baseline 0.002 -20"><span class='ocrx_word' id='word_1_105' title='bbox 137 2063 390 2128; x_wconf 83' lang='lat' dir='ltr'>inmundissimis</span> <span class='ocrx_word' id='word_1_106' title='bbox 415 2064 587 2130; x_wconf 84' lang='lat' dir='ltr'>excitantes</span> <span class='ocrx_word' id='word_1_107' title='bbox 611 2068 644 2129; x_wconf 89' lang='lat' dir='ltr'>et</span> <span class='ocrx_word' id='word_1_108' title='bbox 667 2064 729 2130; x_wconf 88' lang='lat' dir='ltr'>sibi</span> <span class='ocrx_word' id='word_1_109' title='bbox 752 2063 1003 2130; x_wconf 85' lang='lat' dir='ltr'>delectabiliores</span> <span class='ocrx_word' id='word_1_110' title='bbox 1026 2063 1120 2129; x_wconf 91' lang='lat' dir='ltr'>ludos</span> <span class='ocrx_word' id='word_1_111' title='bbox 1144 2064 1182 2127; x_wconf 89' lang='lat' dir='ltr'>de</span> <span class='ocrx_word' id='word_1_112' title='bbox 1205 2064 1286 2146; x_wconf 84' lang='lat' dir='ltr'>ipsis</span> 
     </span>
    </p>

    <p class='ocr_par' dir='ltr' id='par_1_6' title="bbox 3 2170 1317 3322">
     <span class='ocr_line' id='line_1_16' title="bbox 4 2170 1286 2254; baseline 0.001 -22"><span class='ocrx_word' id='word_1_113' title='bbox 4 2229 5 2232; x_wconf 74' lang='grc'>,</span> <span class='ocrx_word' id='word_1_114' title='bbox 98 2196 120 2234; x_wconf 74' lang='lat'>1⁵</span> <span class='ocrx_word' id='word_1_115' title='bbox 138 2171 371 2252; x_wconf 83' lang='lat' dir='ltr'>spectatoribus</span> <span class='ocrx_word' id='word_1_116' title='bbox 401 2170 583 2236; x_wconf 82' lang='lat' dir='ltr'>exhibentes</span> <span class='ocrx_word' id='word_1_117' title='bbox 610 2171 677 2252; x_wconf 87' lang='lat' dir='ltr'>(uhi</span> <span class='ocrx_word' id='word_1_118' title='bbox 706 2171 733 2234; x_wconf 91' lang='lat' dir='ltr'>si</span> <span class='ocrx_word' id='word_1_119' title='bbox 763 2190 824 2253; x_wconf 89' lang='lat' dir='ltr'>qua</span> <span class='ocrx_word' id='word_1_120' title='bbox 851 2171 942 2235; x_wconf 91' lang='lat' dir='ltr'>uelut</span> <span class='ocrx_word' id='word_1_121' title='bbox 969 2171 1102 2236; x_wconf 86' lang='lat' dir='ltr'>honesta</span> <span class='ocrx_word' id='word_1_122' title='bbox 1134 2176 1286 2254; x_wconf 85' lang='lat' dir='ltr'>geruntur</span> 
     </span>
     <span class='ocr_line' id='line_1_17' title="bbox 137 2276 1284 2359; baseline 0 -19"><span class='ocrx_word' id='word_1_123' title='bbox 137 2276 167 2341; x_wconf 90' lang='lat' dir='ltr'>in</span> <span class='ocrx_word' id='word_1_124' title='bbox 196 2277 337 2359; x_wconf 87' lang='lat' dir='ltr'>templis,</span> <span class='ocrx_word' id='word_1_125' title='bbox 366 2278 534 2343; x_wconf 88' lang='lat' dir='ltr'>coniuncta</span> <span class='ocrx_word' id='word_1_126' title='bbox 561 2277 624 2342; x_wconf 89' lang='lat' dir='ltr'>sibi</span> <span class='ocrx_word' id='word_1_127' title='bbox 650 2278 846 2343; x_wconf 89' lang='lat' dir='ltr'>theatrorum</span> <span class='ocrx_word' id='word_1_128' title='bbox 880 2277 1075 2342; x_wconf 87' lang='lat' dir='ltr'>obscenitate</span> <span class='ocrx_word' id='word_1_129' title='bbox 1106 2280 1284 2359; x_wconf 88' lang='lat' dir='ltr'>turpantur,</span> 
     </span>
     <span class='ocr_line' id='line_1_18' title="bbox 137 2383 1283 2469; baseline 0 -21"><span class='ocrx_word' id='word_1_130' title='bbox 137 2387 170 2448; x_wconf 88' lang='lat' dir='ltr'>et</span> <span class='ocrx_word' id='word_1_131' title='bbox 201 2403 421 2467; x_wconf 81' lang='lat' dir='ltr'>quaecumque</span> <span class='ocrx_word' id='word_1_132' title='bbox 453 2383 560 2468; x_wconf 84' lang='lat' dir='ltr'>turpia</span> <span class='ocrx_word' id='word_1_133' title='bbox 592 2389 744 2469; x_wconf 87' lang='lat' dir='ltr'>geruntur</span> <span class='ocrx_word' id='word_1_134' title='bbox 775 2386 806 2448; x_wconf 92' lang='lat' dir='ltr'>in</span> <span class='ocrx_word' id='word_1_135' title='bbox 839 2384 984 2463; x_wconf 85' lang='lat' dir='ltr'>theatris,</span> <span class='ocrx_word' id='word_1_136' title='bbox 1013 2391 1194 2466; x_wconf 83' lang='lat' dir='ltr'>comparata</span> <span class='ocrx_word' id='word_1_137' title='bbox 1222 2383 1283 2448; x_wconf 91' lang='lat' dir='ltr'>sibi</span> 
     </span>
     <span class='ocr_line' id='line_1_19' title="bbox 135 2489 1283 2576; baseline -0.001 -22"><span class='ocrx_word' id='word_1_138' title='bbox 135 2491 328 2572; x_wconf 88' lang='lat' dir='ltr'>templorum</span> <span class='ocrx_word' id='word_1_139' title='bbox 366 2489 516 2556; x_wconf 87' lang='lat' dir='ltr'>foeditate</span> <span class='ocrx_word' id='word_1_140' title='bbox 553 2489 746 2576; x_wconf 87' lang='lat' dir='ltr'>laudantur),</span> <span class='ocrx_word' id='word_1_141' title='bbox 780 2495 812 2556; x_wconf 92' lang='lat' dir='ltr'>et</span> <span class='ocrx_word' id='word_1_142' title='bbox 845 2510 890 2569; x_wconf 89' lang='lat' dir='ltr'>ea,</span> <span class='ocrx_word' id='word_1_143' title='bbox 925 2509 1004 2574; x_wconf 89' lang='lat' dir='ltr'>qnae</span> <span class='ocrx_word' id='word_1_144' title='bbox 1033 2489 1130 2554; x_wconf 86' lang='lat' dir='ltr'>Varro</span> <span class='ocrx_word' id='word_1_145' title='bbox 1164 2509 1200 2555; x_wconf 88' lang='lat' dir='ltr'>ex</span> <span class='ocrx_word' id='word_1_146' title='bbox 1232 2489 1283 2554; x_wconf 91' lang='lat' dir='ltr'>his</span> 
     </span>
     <span class='ocr_line' id='line_1_20' title="bbox 136 2595 1285 2680; baseline -0.003 -18"><span class='ocrx_word' id='word_1_147' title='bbox 136 2598 235 2662; x_wconf 89' lang='lat' dir='ltr'>sacris</span> <span class='ocrx_word' id='word_1_148' title='bbox 259 2597 351 2679; x_wconf 89' lang='lat' dir='ltr'>quasi</span> <span class='ocrx_word' id='word_1_149' title='bbox 373 2597 413 2662; x_wconf 86' lang='lat' dir='ltr'>ad</span> <span class='ocrx_word' id='word_1_150' title='bbox 437 2599 560 2662; x_wconf 88' lang='lat' dir='ltr'>caelum</span> <span class='ocrx_word' id='word_1_151' title='bbox 584 2602 616 2662; x_wconf 88' lang='lat' dir='ltr'>et</span> <span class='ocrx_word' id='word_1_152' title='bbox 637 2601 754 2662; x_wconf 87' lang='lat' dir='ltr'>terram</span> <span class='ocrx_word' id='word_1_153' title='bbox 775 2617 943 2680; x_wconf 88' lang='lat' dir='ltr'>rerumque</span> <span class='ocrx_word' id='word_1_154' title='bbox 961 2597 1143 2663; x_wconf 89' lang='lat' dir='ltr'>mortalium</span> <span class='ocrx_word' id='word_1_155' title='bbox 1163 2595 1285 2662; x_wconf 89' lang='lat' dir='ltr'>semina</span> 
     </span>
     <span class='ocr_line' id='line_1_21' title="bbox 3 2687 1282 2796; baseline 0.002 -32"><span class='ocrx_word' id='word_1_156' title='bbox 3 2687 5 2764; x_wconf 71' lang='lat' dir='ltr'>ss</span> <span class='ocrx_word' id='word_1_157' title='bbox 92 2731 117 2772; x_wconf 78' lang='lat' dir='ltr'>ro</span> <span class='ocrx_word' id='word_1_158' title='bbox 135 2709 169 2768; x_wconf 91' lang='lat' dir='ltr'>et</span> <span class='ocrx_word' id='word_1_159' title='bbox 196 2707 287 2768; x_wconf 90' lang='lat' dir='ltr'>actus</span> <span class='ocrx_word' id='word_1_160' title='bbox 316 2704 540 2786; x_wconf 87' lang='lat' dir='ltr'>interpretatus</span> <span class='ocrx_word' id='word_1_161' title='bbox 570 2707 619 2768; x_wconf 88' lang='lat' dir='ltr'>est</span> <span class='ocrx_word' id='word_1_162' title='bbox 645 2703 735 2786; x_wconf 85' lang='lat' dir='ltr'>(quia</span> <span class='ocrx_word' id='word_1_163' title='bbox 762 2723 820 2767; x_wconf 91' lang='lat' dir='ltr'>nec</span> <span class='ocrx_word' id='word_1_164' title='bbox 847 2703 918 2786; x_wconf 90' lang='lat' dir='ltr'>ipsa</span> <span class='ocrx_word' id='word_1_165' title='bbox 944 2704 1009 2768; x_wconf 92' lang='lat' dir='ltr'>illis</span> <span class='ocrx_word' id='word_1_166' title='bbox 1038 2703 1152 2768; x_wconf 88' lang='lat' dir='ltr'>ritibus</span> <span class='ocrx_word' id='word_1_167' title='bbox 1186 2703 1282 2796; x_wconf 82' lang='lat' dir='ltr'>signi·</span> 
     </span>
     <span class='ocr_line' id='line_1_22' title="bbox 133 2810 1282 2896; baseline -0.001 -22"><span class='ocrx_word' id='word_1_168' title='bbox 133 2810 279 2886; x_wconf 87' lang='lat' dir='ltr'>ficantur,</span> <span class='ocrx_word' id='word_1_169' title='bbox 299 2830 379 2893; x_wconf 90' lang='lat' dir='ltr'>quae</span> <span class='ocrx_word' id='word_1_170' title='bbox 402 2812 470 2896; x_wconf 88' lang='lat' dir='ltr'>ipso</span> <span class='ocrx_word' id='word_1_171' title='bbox 494 2811 652 2876; x_wconf 88' lang='lat' dir='ltr'>insinnare</span> <span class='ocrx_word' id='word_1_172' title='bbox 676 2814 818 2892; x_wconf 88' lang='lat' dir='ltr'>conatur,</span> <span class='ocrx_word' id='word_1_173' title='bbox 839 2819 870 2876; x_wconf 84' lang='lat' dir='ltr'>et</span> <span class='ocrx_word' id='word_1_174' title='bbox 887 2811 958 2877; x_wconf 93' lang='lat' dir='ltr'>ideo</span> <span class='ocrx_word' id='word_1_175' title='bbox 978 2812 1097 2877; x_wconf 88' lang='lat' dir='ltr'>ueritas</span> <span class='ocrx_word' id='word_1_176' title='bbox 1117 2813 1282 2876; x_wconf 88' lang='lat' dir='ltr'>conantem</span> 
     </span>
     <span class='ocr_line' id='line_1_23' title="bbox 133 2915 1282 3000; baseline 0.003 -21"><span class='ocrx_word' id='word_1_177' title='bbox 133 2935 195 2980; x_wconf 92' lang='lat' dir='ltr'>non</span> <span class='ocrx_word' id='word_1_178' title='bbox 226 2917 383 2999; x_wconf 71' lang='lat' dir='ltr'>aequitum</span> <span class='ocrx_word' id='word_1_179' title='bbox 418 2921 450 2982; x_wconf 90' lang='lat' dir='ltr'>et</span> <span class='ocrx_word' id='word_1_180' title='bbox 482 2916 509 2981; x_wconf 92' lang='lat' dir='ltr'>si</span> <span class='ocrx_word' id='word_1_181' title='bbox 539 2915 610 3000; x_wconf 88' lang='lat' dir='ltr'>ipsa</span> <span class='ocrx_word' id='word_1_182' title='bbox 638 2921 755 2994; x_wconf 87' lang='lat' dir='ltr'>essent,</span> <span class='ocrx_word' id='word_1_183' title='bbox 779 2922 885 2982; x_wconf 88' lang='lat' dir='ltr'>tamen</span> <span class='ocrx_word' id='word_1_184' title='bbox 913 2918 1034 2982; x_wconf 87' lang='lat' dir='ltr'>animae</span> <span class='ocrx_word' id='word_1_185' title='bbox 1062 2916 1209 2982; x_wconf 89' lang='lat' dir='ltr'>rationali</span> <span class='ocrx_word' id='word_1_186' title='bbox 1236 2935 1282 3000; x_wconf 86' lang='lat' dir='ltr'>ea,</span> 
     </span>
     <span class='ocr_line' id='line_1_24' title="bbox 133 3022 1281 3106; baseline 0.003 -21"><span class='ocrx_word' id='word_1_187' title='bbox 133 3041 216 3104; x_wconf 89' lang='lat' dir='ltr'>quae</span> <span class='ocrx_word' id='word_1_188' title='bbox 244 3023 324 3088; x_wconf 88' lang='lat' dir='ltr'>infra</span> <span class='ocrx_word' id='word_1_189' title='bbox 351 3023 440 3088; x_wconf 88' lang='lat' dir='ltr'>illam</span> <span class='ocrx_word' id='word_1_190' title='bbox 464 3023 600 3088; x_wconf 89' lang='lat' dir='ltr'>naturali</span> <span class='ocrx_word' id='word_1_191' title='bbox 625 3024 731 3088; x_wconf 90' lang='lat' dir='ltr'>ordine</span> <span class='ocrx_word' id='word_1_192' title='bbox 756 3025 929 3088; x_wconf 86' lang='lat' dir='ltr'>constituta</span> <span class='ocrx_word' id='word_1_193' title='bbox 953 3027 1037 3098; x_wconf 89' lang='lat' dir='ltr'>sunt,</span> <span class='ocrx_word' id='word_1_194' title='bbox 1061 3043 1117 3106; x_wconf 92' lang='lat' dir='ltr'>pro</span> <span class='ocrx_word' id='word_1_195' title='bbox 1142 3022 1199 3088; x_wconf 87' lang='lat' dir='ltr'>deu</span> <span class='ocrx_word' id='word_1_196' title='bbox 1224 3043 1281 3088; x_wconf 92' lang='lat' dir='ltr'>suo</span> 
     </span>
     <span class='ocr_line' id='line_1_25' title="bbox 133 3129 1282 3214; baseline 0.001 -21"><span class='ocrx_word' id='word_1_197' title='bbox 133 3129 267 3194; x_wconf 86' lang='lat' dir='ltr'>colenda</span> <span class='ocrx_word' id='word_1_198' title='bbox 295 3151 357 3196; x_wconf 92' lang='lat' dir='ltr'>non</span> <span class='ocrx_word' id='word_1_199' title='bbox 385 3137 502 3210; x_wconf 88' lang='lat' dir='ltr'>essent,</span> <span class='ocrx_word' id='word_1_200' title='bbox 526 3152 582 3198; x_wconf 87' lang='lat' dir='ltr'>noc</span> <span class='ocrx_word' id='word_1_201' title='bbox 611 3132 673 3198; x_wconf 91' lang='lat' dir='ltr'>sibi</span> <span class='ocrx_word' id='word_1_202' title='bbox 701 3132 812 3197; x_wconf 91' lang='lat' dir='ltr'>debuit</span> <span class='ocrx_word' id='word_1_203' title='bbox 838 3132 994 3214; x_wconf 87' lang='lat' dir='ltr'>praeferre</span> <span class='ocrx_word' id='word_1_204' title='bbox 1018 3136 1181 3213; x_wconf 87' lang='lat' dir='ltr'>tamquam</span> <span class='ocrx_word' id='word_1_205' title='bbox 1205 3131 1282 3196; x_wconf 90' lang='lat' dir='ltr'>deos</span> 
     </span>
     <span class='ocr_line' id='line_1_26' title="bbox 89 3237 1317 3322; baseline -0.002 -19"><span class='ocrx_word' id='word_1_206' title='bbox 89 3265 114 3304; x_wconf 77' lang='lat' dir='ltr'>a</span> <span class='ocrx_word' id='word_1_207' title='bbox 132 3257 188 3302; x_wconf 90' lang='lat' dir='ltr'>eas</span> <span class='ocrx_word' id='word_1_208' title='bbox 207 3256 269 3314; x_wconf 90' lang='lat' dir='ltr'>res,</span> <span class='ocrx_word' id='word_1_209' title='bbox 290 3238 405 3318; x_wconf 84' lang='lat' dir='ltr'>quihus</span> <span class='ocrx_word' id='word_1_210' title='bbox 424 3239 527 3320; x_wconf 87' lang='lat' dir='ltr'>ipsam</span> <span class='ocrx_word' id='word_1_211' title='bbox 546 3239 698 3321; x_wconf 88' lang='lat' dir='ltr'>praetulit</span> <span class='ocrx_word' id='word_1_212' title='bbox 715 3257 810 3304; x_wconf 88' lang='lat' dir='ltr'>uerus</span> <span class='ocrx_word' id='word_1_213' title='bbox 830 3237 941 3322; x_wconf 86' lang='lat' dir='ltr'>Deus),</span> <span class='ocrx_word' id='word_1_214' title='bbox 962 3257 978 3303; x_wconf 93' lang='lat' dir='ltr'>e</span> <span class='ocrx_word' id='word_1_215' title='bbox 1013 3256 1058 3316; x_wconf 89' lang='lat' dir='ltr'>ea,</span> <span class='ocrx_word' id='word_1_216' title='bbox 1079 3257 1158 3320; x_wconf 93' lang='lat' dir='ltr'>quae</span> <span class='ocrx_word' id='word_1_217' title='bbox 1178 3237 1283 3302; x_wconf 89' lang='lat' dir='ltr'>Numa</span> <span class='ocrx_word' id='word_1_218' title='bbox 1313 3283 1317 3291; x_wconf 86' lang='lat'><em>.</em></span> 
     </span>
    </p>

    <p class='ocr_par' dir='ltr' id='par_1_7' title="bbox 131 3344 1282 3748">
     <span class='ocr_line' id='line_1_27' title="bbox 131 3344 1281 3428; baseline 0 -20"><span class='ocrx_word' id='word_1_219' title='bbox 131 3344 313 3426; x_wconf 87' lang='lat' dir='ltr'>Pompilius</span> <span class='ocrx_word' id='word_1_220' title='bbox 336 3364 369 3408; x_wconf 90' lang='lat' dir='ltr'>re</span> <span class='ocrx_word' id='word_1_221' title='bbox 392 3364 468 3410; x_wconf 89' lang='lat' dir='ltr'>uera</span> <span class='ocrx_word' id='word_1_222' title='bbox 491 3345 530 3410; x_wconf 90' lang='lat' dir='ltr'>ad</span> <span class='ocrx_word' id='word_1_223' title='bbox 554 3364 643 3410; x_wconf 89' lang='lat' dir='ltr'>sacra</span> <span class='ocrx_word' id='word_1_224' title='bbox 666 3347 734 3410; x_wconf 88' lang='lat' dir='ltr'>eius</span> <span class='ocrx_word' id='word_1_225' title='bbox 754 3345 840 3410; x_wconf 90' lang='lat' dir='ltr'>modi</span> <span class='ocrx_word' id='word_1_226' title='bbox 858 3345 1047 3428; x_wconf 87' lang='lat' dir='ltr'>pertinentia</span> <span class='ocrx_word' id='word_1_227' title='bbox 1066 3364 1173 3409; x_wconf 88' lang='lat' dir='ltr'>aecum</span> <span class='ocrx_word' id='word_1_228' title='bbox 1194 3363 1281 3426; x_wconf 90' lang='lat' dir='ltr'>sepe-</span> 
     </span>
     <span class='ocr_line' id='line_1_28' title="bbox 131 3451 1280 3518; baseline 0 -2"><span class='ocrx_word' id='word_1_229' title='bbox 131 3451 239 3516; x_wconf 92' lang='lat' dir='ltr'>liendo</span> <span class='ocrx_word' id='word_1_230' title='bbox 265 3452 390 3516; x_wconf 86' lang='lat' dir='ltr'>curauit</span> <span class='ocrx_word' id='word_1_231' title='bbox 412 3451 564 3517; x_wconf 87' lang='lat' dir='ltr'>abscondi</span> <span class='ocrx_word' id='word_1_232' title='bbox 589 3455 621 3516; x_wconf 91' lang='lat' dir='ltr'>et</span> <span class='ocrx_word' id='word_1_233' title='bbox 644 3457 745 3517; x_wconf 89' lang='lat' dir='ltr'>aratro</span> <span class='ocrx_word' id='word_1_234' title='bbox 770 3456 860 3518; x_wconf 90' lang='lat' dir='ltr'>eruta</span> <span class='ocrx_word' id='word_1_235' title='bbox 883 3455 1012 3517; x_wconf 88' lang='lat' dir='ltr'>senatus</span> <span class='ocrx_word' id='word_1_236' title='bbox 1031 3451 1129 3516; x_wconf 91' lang='lat' dir='ltr'>iussit</span> <span class='ocrx_word' id='word_1_237' title='bbox 1146 3451 1280 3516; x_wconf 91' lang='lat' dir='ltr'>incendi.</span> 
     </span>
     <span class='ocr_line' id='line_1_29' title="bbox 132 3555 1281 3641; baseline -0.003 -19"><span class='ocrx_word' id='word_1_238' title='bbox 132 3555 182 3641; x_wconf 90' lang='lat' dir='ltr'>(ln</span> <span class='ocrx_word' id='word_1_239' title='bbox 217 3577 254 3622; x_wconf 90' lang='lat' dir='ltr'>eo</span> <span class='ocrx_word' id='word_1_240' title='bbox 289 3577 402 3641; x_wconf 85' lang='lat' dir='ltr'>genere</span> <span class='ocrx_word' id='word_1_241' title='bbox 436 3563 510 3623; x_wconf 90' lang='lat' dir='ltr'>sunt</span> <span class='ocrx_word' id='word_1_242' title='bbox 542 3559 637 3624; x_wconf 89' lang='lat' dir='ltr'>etiam</span> <span class='ocrx_word' id='word_1_243' title='bbox 665 3558 730 3636; x_wconf 92' lang='lat' dir='ltr'>illa,</span> <span class='ocrx_word' id='word_1_244' title='bbox 760 3561 796 3624; x_wconf 85' lang='lat' dir='ltr'>ut</span> <span class='ocrx_word' id='word_1_245' title='bbox 824 3556 945 3640; x_wconf 86' lang='lat' dir='ltr'>aliquid</span> <span class='ocrx_word' id='word_1_246' title='bbox 973 3557 1010 3620; x_wconf 88' lang='lat' dir='ltr'>de</span> <span class='ocrx_word' id='word_1_247' title='bbox 1038 3555 1144 3620; x_wconf 88' lang='lat' dir='ltr'>Numa</span> <span class='ocrx_word' id='word_1_248' title='bbox 1170 3555 1281 3620; x_wconf 92' lang='lat' dir='ltr'>mitius</span> 
     </span>
     <span class='ocr_line' id='line_1_30' title="bbox 131 3661 1282 3748; baseline -0.002 -20"><span class='ocrx_word' id='word_1_249' title='bbox 131 3663 345 3748; x_wconf 87' lang='lat' dir='ltr'>suspicemur,</span> <span class='ocrx_word' id='word_1_250' title='bbox 369 3683 450 3746; x_wconf 89' lang='lat' dir='ltr'>quae</span> <span class='ocrx_word' id='word_1_251' title='bbox 473 3663 648 3730; x_wconf 83' lang='lat' dir='ltr'>Alexander</span> <span class='ocrx_word' id='word_1_252' title='bbox 669 3663 800 3729; x_wconf 86' lang='lat' dir='ltr'>Macedo</span> <span class='ocrx_word' id='word_1_253' title='bbox 825 3665 936 3728; x_wconf 90' lang='lat' dir='ltr'>scribit</span> <span class='ocrx_word' id='word_1_254' title='bbox 959 3663 997 3727; x_wconf 89' lang='lat' dir='ltr'>ad</span> <span class='ocrx_word' id='word_1_255' title='bbox 1021 3665 1153 3728; x_wconf 88' lang='lat' dir='ltr'>matrem</span> <span class='ocrx_word' id='word_1_256' title='bbox 1178 3661 1239 3726; x_wconf 87' lang='lat' dir='ltr'>sibi</span> <span class='ocrx_word' id='word_1_257' title='bbox 1264 3681 1282 3726; x_wconf 90' lang='lat' dir='ltr'>a</span> 
     </span>
    </p>
   </div>
   <div class='ocr_carea' id='block_1_5' title="bbox 166 3836 1280 3926">
    <p class='ocr_par' dir='ltr' id='par_1_8' title="bbox 166 3836 1280 3926">
     <span class='ocr_line' id='line_1_31' title="bbox 166 3836 1280 3926; baseline -0.004 -33"><span class='ocrx_word' id='word_1_258' title='bbox 166 3837 407 3893; x_wconf 76' lang='lat' dir='ltr'>bronditorema</span> <span class='ocrx_word' id='word_1_259' title='bbox 470 3839 615 3909; x_wconf 77' lang='lat' dir='ltr'>lpropius</span> <span class='ocrx_word' id='word_1_260' title='bbox 634 3855 719 3892; x_wconf 76' lang='lat' dir='ltr'>onae</span> <span class='ocrx_word' id='word_1_261' title='bbox 775 3838 805 3891; x_wconf 88' lang='lat'>11</span> <span class='ocrx_word' id='word_1_262' title='bbox 828 3837 933 3891; x_wconf 91' lang='lat' dir='ltr'>diuinos</span> <span class='ocrx_word' id='word_1_263' title='bbox 953 3853 1049 3890; x_wconf 84' lang='lat' dir='ltr'>suose</span> <span class='ocrx_word' id='word_1_264' title='bbox 1104 3836 1136 3890; x_wconf 85' lang='lat'>12</span> <span class='ocrx_word' id='word_1_265' title='bbox 1153 3841 1280 3926; x_wconf 80' lang='lat' dir='ltr'>spectan-</span> 
     </span>
    </p>
   </div>
   <div class='ocr_carea' id='block_1_6' title="bbox 129 3939 1281 4298">
    <p class='ocr_par' dir='ltr' id='par_1_9' title="bbox 129 3939 1281 4298">
     <span class='ocr_line' id='line_1_32' title="bbox 130 3939 1281 4032; baseline -0.004 -16"><span class='ocrx_word' id='word_1_266' title='bbox 130 3961 289 4029; x_wconf 74' lang='lat' dir='ltr'>dosrprnO</span> <span class='ocrx_word' id='word_1_267' title='bbox 343 3963 375 4016; x_wconf 88' lang='lat'>15</span> <span class='ocrx_word' id='word_1_268' title='bbox 395 3963 571 4032; x_wconf 66' lang='lat' dir='ltr'>expectas</span> <span class='ocrx_word' id='word_1_269' title='bbox 641 3962 758 4015; x_wconf 81' lang='lat' dir='ltr'>exibet</span> <span class='ocrx_word' id='word_1_270' title='bbox 815 3961 846 4016; x_wconf 94' lang='lat'>18</span> <span class='ocrx_word' id='word_1_271' title='bbox 866 3940 896 4016; x_wconf 77' lang='lat' dir='ltr'>ex</span> <span class='ocrx_word' id='word_1_272' title='bbox 914 3961 966 4024; x_wconf 86' lang='lat' dir='ltr'>his,</span> <span class='ocrx_word' id='word_1_273' title='bbox 985 3962 1018 4014; x_wconf 80' lang='lat' dir='ltr'>in</span> <span class='ocrx_word' id='word_1_274' title='bbox 1035 3977 1122 4029; x_wconf 77' lang='lat' dir='ltr'>murp.</span> <span class='ocrx_word' id='word_1_275' title='bbox 1137 3939 1169 4013; x_wconf 76' lang='lat' dir='ltr'>ex</span> <span class='ocrx_word' id='word_1_276' title='bbox 1187 3961 1281 4025; x_wconf 69' lang='lat' dir='ltr'>cuiae</span> 
     </span>
     <span class='ocr_line' id='line_1_33' title="bbox 129 4050 1281 4121; baseline -0.004 -15"><span class='ocrx_word' id='word_1_277' title='bbox 129 4053 165 4106; x_wconf 91' lang='grc'><strong>20</strong></span> <span class='ocrx_word' id='word_1_278' title='bbox 183 4053 227 4106; x_wconf 91' lang='lat' dir='ltr'>illi</span> <span class='ocrx_word' id='word_1_279' title='bbox 246 4051 319 4106; x_wconf 83' lang='lat' dir='ltr'>litib&#39;</span> <span class='ocrx_word' id='word_1_280' title='bbox 342 4051 389 4118; x_wconf 80' lang='lat'>0¹,-</span> <span class='ocrx_word' id='word_1_281' title='bbox 407 4051 462 4106; x_wconf 91' lang='lat' dir='ltr'>illis</span> <span class='ocrx_word' id='word_1_282' title='bbox 480 4051 568 4106; x_wconf 90' lang='lat' dir='ltr'>tribus</span> <span class='ocrx_word' id='word_1_283' title='bbox 587 4069 601 4106; x_wconf 81' lang='lat' dir='ltr'>a</span> <span class='ocrx_word' id='word_1_284' title='bbox 672 4053 705 4105; x_wconf 84' lang='lat'>21</span> <span class='ocrx_word' id='word_1_285' title='bbox 730 4051 788 4121; x_wconf 87' lang='lat' dir='ltr'>ipse</span> <span class='ocrx_word' id='word_1_286' title='bbox 807 4067 858 4107; x_wconf 79' lang='lat' dir='ltr'>orn.</span> <span class='ocrx_word' id='word_1_287' title='bbox 877 4067 891 4104; x_wconf 88' lang='lat' dir='ltr'>a</span> <span class='ocrx_word' id='word_1_288' title='bbox 980 4050 1112 4118; x_wconf 74' lang='lat' dir='ltr'>conaltur,</span> <span class='ocrx_word' id='word_1_289' title='bbox 1131 4065 1147 4101; x_wconf 90' lang='lat' dir='ltr'>n</span> <span class='ocrx_word' id='word_1_290' title='bbox 1168 4065 1248 4114; x_wconf 71' lang='lat' dir='ltr'>eruc,</span> <span class='ocrx_word' id='word_1_291' title='bbox 1267 4065 1281 4101; x_wconf 86' lang='lat' dir='ltr'>e</span> 
     </span>
     <span class='ocr_line' id='line_1_34' title="bbox 129 4136 1279 4208; baseline -0.005 -12"><span class='ocrx_word' id='word_1_292' title='bbox 129 4143 164 4196; x_wconf 92' lang='grc'>22</span> <span class='ocrx_word' id='word_1_293' title='bbox 188 4142 213 4196; x_wconf 85' lang='lat' dir='ltr'>si</span> <span class='ocrx_word' id='word_1_294' title='bbox 231 4157 294 4208; x_wconf 74' lang='lat' dir='ltr'>sup.</span> <span class='ocrx_word' id='word_1_295' title='bbox 315 4139 364 4193; x_wconf 78' lang='lat' dir='ltr'>liu.</span> <span class='ocrx_word' id='word_1_296' title='bbox 384 4141 394 4192; x_wconf 82' lang='lat' dir='ltr'>l</span> <span class='ocrx_word' id='word_1_297' title='bbox 493 4157 547 4206; x_wconf 83' lang='lat' dir='ltr'>pop</span> <span class='ocrx_word' id='word_1_298' title='bbox 566 4141 686 4194; x_wconf 85' lang='lat' dir='ltr'>essentl</span> <span class='ocrx_word' id='word_1_299' title='bbox 772 4141 805 4194; x_wconf 85' lang='lat'>23</span> <span class='ocrx_word' id='word_1_300' title='bbox 831 4138 949 4194; x_wconf 84' lang='lat' dir='ltr'>naturali</span> <span class='ocrx_word' id='word_1_301' title='bbox 970 4137 1030 4204; x_wconf 63' lang='lat' dir='ltr'>Ora·</span> <span class='ocrx_word' id='word_1_302' title='bbox 1048 4140 1161 4192; x_wconf 86' lang='lat' dir='ltr'>naturae</span> <span class='ocrx_word' id='word_1_303' title='bbox 1180 4136 1279 4191; x_wconf 89' lang='lat' dir='ltr'>Domb.</span> 
     </span>
     <span class='ocr_line' id='line_1_35' title="bbox 129 4226 1281 4298; baseline -0.003 -14"><span class='ocrx_word' id='word_1_304' title='bbox 129 4229 252 4284; x_wconf 87' lang='lat' dir='ltr'>ordinem</span> <span class='ocrx_word' id='word_1_305' title='bbox 274 4228 330 4296; x_wconf 78' lang='lat' dir='ltr'>b¹q</span> <span class='ocrx_word' id='word_1_306' title='bbox 401 4230 436 4284; x_wconf 83' lang='lat'>24</span> <span class='ocrx_word' id='word_1_307' title='bbox 455 4228 540 4297; x_wconf 83' lang='lat' dir='ltr'>praef.</span> <span class='ocrx_word' id='word_1_308' title='bbox 559 4228 619 4282; x_wconf 90' lang='lat' dir='ltr'>deb.</span> <span class='ocrx_word' id='word_1_309' title='bbox 638 4245 654 4282; x_wconf 86' lang='lat' dir='ltr'>o</span> <span class='ocrx_word' id='word_1_310' title='bbox 726 4229 760 4282; x_wconf 87' lang='grc'>28</span> <span class='ocrx_word' id='word_1_311' title='bbox 780 4230 874 4298; x_wconf 83' lang='lat' dir='ltr'>etiam]</span> <span class='ocrx_word' id='word_1_312' title='bbox 895 4232 923 4282; x_wconf 90' lang='lat' dir='ltr'>et</span> <span class='ocrx_word' id='word_1_313' title='bbox 940 4244 954 4282; x_wconf 86' lang='lat' dir='ltr'>a</span> <span class='ocrx_word' id='word_1_314' title='bbox 1026 4228 1060 4281; x_wconf 87' lang='grc'>29</span> <span class='ocrx_word' id='word_1_315' title='bbox 1079 4226 1140 4290; x_wconf 85' lang='lat' dir='ltr'>sibi,</span> <span class='ocrx_word' id='word_1_316' title='bbox 1161 4226 1189 4280; x_wconf 90' lang='lat' dir='ltr'>bi</span> <span class='ocrx_word' id='word_1_317' title='bbox 1207 4243 1240 4281; x_wconf 88' lang='lat' dir='ltr'>m.</span> <span class='ocrx_word' id='word_1_318' title='bbox 1261 4230 1281 4280; x_wconf 80' lang='grc'><strong>2</strong></span> 
     </span>
    </p>
   </div>
   <div class='ocr_carea' id='block_1_7' title="bbox 127 4317 495 4388">
    <p class='ocr_par' dir='ltr' id='par_1_10' title="bbox 127 4317 495 4388">
     <span class='ocr_line' id='line_1_36' title="bbox 127 4317 495 4388; baseline -0.003 -15"><span class='ocrx_word' id='word_1_319' title='bbox 127 4336 189 4388; x_wconf 80' lang='lat' dir='ltr'>sup.</span> <span class='ocrx_word' id='word_1_320' title='bbox 210 4317 303 4382; x_wconf 79' lang='lat' dir='ltr'>lin.,e</span> <span class='ocrx_word' id='word_1_321' title='bbox 377 4333 462 4371; x_wconf 84' lang='lat' dir='ltr'>acm.</span> <span class='ocrx_word' id='word_1_322' title='bbox 481 4335 495 4372; x_wconf 82' lang='lat' dir='ltr'>c</span> 
     </span>
    </p>
   </div>
   <div class='ocr_carea' id='block_1_8' title="bbox 0 0 1558 4926">
    <p class='ocr_par' dir='ltr' id='par_1_11' title="bbox 0 0 1558 4926">
     <span class='ocr_line' id='line_1_37' title="bbox 0 0 1558 4926; baseline 0 1"><span class='ocrx_word' id='word_1_323' title='bbox 0 0 1558 4926; x_wconf 95' lang='lat' dir='ltr'> </span> 
     </span>
    </p>
   </div>
  </div>
 </body>
</html>
