3136 4928
412 432 462 486 De
490 433 664 488 ciuitate
692 433 754 488 dei
781 433 847 490 lib.
874 435 907 489 X.
936 451 1010 505 cap.
1040 436 1083 490 32.
1257 439 1321 504 507

174 629 317 712 gentes
342 629 380 692 et
403 625 692 712 ingredientur
714 630 903 695 nationes
927 631 1080 696 multae
1105 634 1144 696 et
1166 629 1321 696 dicent:

174 734 1027 813 Venite,ascendamasinmontcmDomini
1051 741 1090 803 et
1108 737 1146 802 in
1166 737 1321 802 domam

173 841 247 905 Dei
271 841 407 918 lacob;
438 844 476 907 et
504 841 768 908 adnuntiabit
790 844 908 909 nobis
931 844 1038 910 uiam
1061 863 1181 921 suam,
1205 845 1245 909 et
1267 844 1321 908 in-

174 948 406 1031 grediemar
436 949 475 1012 in
509 967 601 1014 eam.
643 949 695 1012 Er
728 948 824 1014 Sion
858 949 961 1014 enim
994 949 1157 1032 prodiet
1187 950 1251 1014 lex
1283 954 1322 1016 et

141 1054 339 1120 anerbum
364 1055 522 1121 Domini
551 1055 595 1119 ab
620 1055 889 1122 Hierusalem.
919 1055 978 1121 Via
1003 1075 1076 1142 ergo
1100 1057 1164 1122 ista
1186 1075 1247 1122 non
1271 1060 1322 1122 est

171 1163 267 1227 unius
296 1163 410 1246 gentis,
440 1162 494 1227 sed
522 1162 742 1228 uniuersarnm
776 1155 932 1248 gentium
971 1166 1004 1228 et
1039 1163 1089 1229 ler
1125 1163 1321 1247 uerbumqne

172 1268 302 1334 Domini
323 1289 385 1334 non
409 1269 440 1332 in
465 1268 540 1334 Sion
565 1271 597 1334 et
614 1269 816 1334 Hiemsalem
840 1270 1077 1344 1·emansit‚sed
1100 1268 1172 1336 inde
1195 1287 1320 1352 praces-

166 1375 226 1453 sit,
250 1378 287 1440 nt
309 1395 343 1441 se
370 1394 427 1458 per
454 1377 604 1441 uniuersa
630 1376 828 1442 diffunderet.
866 1375 955 1441 Unde
978 1377 1047 1459 ipse
1070 1375 1226 1443 Mediator
1247 1379 1323 1459 post

171 1483 434 1548 resurrectionem
458 1501 550 1548 snam
574 1481 741 1565 discipulis
759 1483 992 1566 trepidantibus
1012 1484 1070 1548 ait:
1095 1481 1321 1566 Oportebat

127 1589 323 1673 aoinpleri
352 1608 451 1672 quae
480 1589 635 1672 scripta
664 1592 758 1654 sunt
785 1589 822 1654 in
852 1590 942 1674 lege
975 1594 1014 1654 et
1041 1589 1257 1673 prophetis
1282 1594 1321 1654 et

172 1697 341 1780 psalmis
370 1696 415 1762 de
443 1715 510 1763 me.
548 1696 657 1761 'luno
684 1697 847 1779 aperuit
872 1697 964 1762 illis
994 1715 1167 1778 sensnm,
1196 1703 1240 1761 nt
1267 1697 1320 1761 in·

171 1804 425 1890 tellegerent
449 1803 690 1886 scripturas,
711 1807 750 1868 et
773 1803 876 1868 dixit
900 1803 969 1886 eis,
990 1803 1084 1886 quia
1103 1804 1321 1888 oportebat

173 1909 379 1976 Christum
413 1909 499 1994 pati
532 1913 571 1974 et
602 1929 819 1994 resurgere
848 1931 867 1974 a
893 1911 1069 1982 mortuis
1098 1911 1225 1976 tertio
1254 1911 1318 1975 die

172 2019 212 2081 et
239 2016 471 2100 praedicari
498 2016 537 2081 in
565 2018 727 2082 nomine
755 2017 843 2082 eins
871 2017 1173 2101 paenitentiam
1201 2019 1240 2082 et
1266 2036 1318 2082 re-

128 2141 153 2182 re
172 2123 408 2189 missionem
432 2126 694 2205 peccatorum
717 2141 787 2206 per
806 2143 941 2189 omnes
960 2125 1103 2208 gentes
1123 2123 1318 2207 incipien-

170 2229 283 2295 tibus
308 2231 353 2294 ab
377 2230 646 2294 Hierusalem.
676 2230 764 2295 Haec
788 2234 837 2295 est
860 2231 959 2316 igitur
982 2230 1171 2295 uniuersalis
1196 2230 1318 2295 animae

168 2335 349 2402 liberandae
375 2337 438 2414 uia,
463 2355 557 2419 quam
588 2337 689 2401 sanati
717 2336 820 2421 angeli
849 2337 1011 2420 sanctique
1035 2339 1207 2422 prophetae
1229 2339 1317 2419 prius

167 2441 201 2507 in
229 2443 339 2525 paucis
366 2442 548 2508 hominibus
576 2443 631 2510 ubi
654 2446 826 2526 potuerunt
849 2445 908 2508 Dei
933 2446 1066 2529 gratiam
1089 2445 1318 2528 reperientibus

170 2553 202 2613 et
228 2549 362 2614 manime
390 2549 421 2613 in
444 2550 590 2615 Hebraea
617 2553 720 2634 gente,
745 2553 836 2615 cuins
866 2555 932 2616 erat
959 2551 1030 2634 ipsa
1057 2551 1193 2635 quodam
1223 2551 1316 2614 modo

125 2679 151 2720 ro
170 2661 292 2720 sacrata
328 2675 378 2721 res
414 2653 541 2738 publica
577 2658 610 2721 in
641 2656 915 2740 prophetationem
948 2661 980 2722 et
1011 2657 1317 2740 praenuntiationem

169 2762 311 2828 ciuitatis
329 2763 389 2828 Dei
409 2783 445 2828 ex
464 2764 611 2829 omnibns
630 2763 778 2846 gentibus
797 2763 1045 2848 congregandae,
1066 2767 1098 2830 et
1115 2764 1317 2828 tabernaculo

169 2872 202 2933 ct
223 2871 344 2954 templo
368 2873 401 2934 et
424 2870 599 2936 sacerdotio
619 2874 651 2936 et
670 2870 833 2935 sacrificiis
854 2871 1115 2956 significauerunt
1133 2872 1165 2934 et
1182 2869 1317 2952 eloquiis

169 2976 361 3058 quibusdam
380 2977 567 3055 manifestis,
581 2977 742 3060 plerisque
757 2977 902 3061 mysticis
916 2978 1150 3061 praedixemnt:
1169 2995 1317 3060 praesens

169 3087 275 3148 antam
312 3083 343 3146 in
381 3101 472 3148 carae
509 3083 578 3167 ipse
610 3085 767 3150 Mediator
803 3089 835 3149 et
865 3084 951 3149 beati
983 3083 1051 3149 eins
1084 3083 1222 3166 apostoli
1252 3083 1315 3146 iam

124 3190 353 3254 ntestamenti
380 3190 455 3257 noui
484 3191 617 3274 gratiam
647 3192 823 3255 reuelantes
852 3191 991 3275 apertius
1018 3191 1208 3271 indicarunt,
1236 3209 1317 3271 quae

169 3295 330 3378 aliquanto
364 3297 522 3361 occultius
555 3297 772 3380 superioribas
801 3300 877 3362 aunt
903 3297 1082 3382 significata
1108 3297 1316 3379 temporibus,

167 3421 224 3485 pro
261 3405 401 3468 aetatum
440 3403 564 3488 generis
596 3405 726 3469 humani
759 3404 992 3482 distributione,
1026 3403 1110 3469 sicut
1147 3421 1215 3468 eam
1248 3404 1315 3468 Deo

168 3509 304 3590 sapienti
331 3510 452 3592 placuit
480 3511 631 3587 ordinare,
655 3511 849 3576 mirabilium
873 3530 1003 3594 opernm
1027 3510 1217 3588 diuinorum,
1241 3529 1316 3592 quc-

166 3635 238 3679 rum
273 3617 419 3699 superius
451 3635 551 3699 pauca
582 3617 645 3681 iarn
678 3618 782 3700 posui,
811 3619 1064 3684 contestantibus
1097 3619 1207 3702 signis.
1245 3616 1316 3682 Non

123 3744 149 3785 aa
168 3723 252 3786 enim
272 3728 484 3806 apparuerant
502 3725 721 3790 tantammodo
741 3726 881 3808 uisiones
901 3725 1062 3810 angelicae
1081 3729 1113 3789 et
1132 3725 1316 3790 caelestium

257 3949 274 4003 9
293 3949 339 4003 Lc.
359 3951 402 4013 24,
421 3951 457 4004 44
475 3967 534 4020 sqq.

203 4071 447 4128 Sadnnntiauits
479 4089 486 4104 ·
517 4075 581 4130 tin
601 4093 659 4130 eam
681 4076 831 4145 abclpa,·
850 4077 878 4130 in
897 4075 1080 4132 eaaDomb.
1154 4077 1185 4131 11
1211 4077 1244 4132 de
1262 4093 1314 4141 me,

165 4177 301 4231 superaer.
320 4179 355 4216 m.
374 4167 395 4216 2
413 4181 433 4220 s.
454 4163 566 4231 clirico
644 4168 787 4220 ettnnoe
861 4167 894 4220 13
912 4167 995 4220 tertia
1013 4167 1070 4220 abt
1144 4167 1315 4220 leomarum

166 4254 367 4320 peecatomma
422 4253 455 4306 18
474 4253 636 4324 repperires
690 4255 724 4309 20
744 4254 1040 4324 etpraedicationema
1094 4255 1128 4310 23
1142 4259 1281 4324 presentes
1296 4272 1315 4310 u

167 4341 201 4394 24
220 4339 356 4394 mediator
373 4341 427 4395 istc
446 4359 465 4396 a
519 4344 553 4398 26
573 4344 727 4398 occultans
781 4344 816 4398 28
834 4343 930 4398 mirab.
950 4343 1033 4401 diuin.
1053 4361 1163 4415 operum
1183 4361 1202 4398 a
