3072 4930
616 412 643 468 S.
671 411 827 466 Aurelii
855 410 1074 480 Augustini

726 605 863 672 CAPUT
886 605 971 672 XXI.

274 749 477 814 Romanum
502 765 655 831 regnum
680 767 698 812 a
721 747 796 812 Dec
820 765 908 811 uero
933 765 1017 812 esse
1041 746 1285 830 dispositum,
1310 764 1421 828 aquo

316 857 375 919 est
398 855 519 920 omnis
542 856 716 936 potestas
741 856 777 918 et
801 852 909 918 cuius
934 852 1179 937 prouidentia
1201 855 1387 937 reguntur

750 979 942 1024 uuruersa.

320 1097 407 1179 Quae
427 1119 500 1164 cum
518 1100 564 1166 ita
583 1100 657 1178 sint,
677 1120 738 1166 non
758 1099 936 1164 tribuamus
956 1099 1049 1164 dandi
1067 1099 1156 1184 regni
1175 1097 1278 1182 adque
1297 1097 1422 1181 imperii
1449 1123 1462 1160 a

274 1209 467 1291 potestatem
491 1207 552 1271 nisi
577 1206 644 1271 Dec
672 1225 759 1282 uero,
793 1204 927 1289 quidet
953 1205 1140 1272 felicitatem
1168 1205 1200 1269 in
1229 1223 1326 1288 regno
1355 1223 1423 1270 cee-

274 1314 378 1380 lorum
410 1315 487 1380 solis
519 1313 596 1397 piis:
630 1332 761 1397 regnum
793 1331 869 1379 uero
901 1315 1061 1378 terrenum
1095 1315 1127 1378 et
1157 1313 1219 1394 piis
1252 1315 1285 1376 et
1316 1310 1423 1394 inpiis.

276 1421 361 1486 sicut
384 1421 413 1485 ei
435 1421 550 1505 placet,
576 1420 627 1484 cui
650 1419 730 1484 nihil
748 1419 866 1485 iniuste
885 1420 998 1504 placet.
1025 1417 1179 1498 Quamuis
1198 1420 1283 1482 enim
1303 1417 1424 1501 aliquid

276 1527 458 1604 dixerimus,
491 1525 576 1608 quod
600 1528 743 1608 apertum
771 1525 863 1590 nobis
892 1544 962 1590 esse
991 1526 1109 1590 uoluit:
1146 1528 1251 1591 tamen
1285 1525 1422 1589 multum

277 1632 388 1697 estad
412 1651 469 1696 nes
502 1635 535 1696 et
562 1631 655 1696 ualde
685 1633 815 1714 superat
840 1631 926 1697 uires
954 1639 1077 1696 nostras
1104 1631 1269 1696 homiuum
1298 1631 1423 1696 occulta
1442 1655 1465 1691 ιο

277 1739 435 1804 discutere
459 1743 491 1802 et
513 1737 634 1820 liquido
660 1738 800 1802 examine
824 1736 937 1801 merita
961 1737 1133 1802 diiudicare
1156 1757 1337 1821 regnorum.
1365 1736 1423 1800 Ille

176 1919 180 1930 ¹
276 1845 375 1930 igitur
398 1863 479 1908 unus
502 1863 597 1908 uerus
621 1843 720 1922 Deus,
744 1843 798 1926 qui
823 1862 880 1908 nec
901 1843 1021 1909 iudicio
1045 1863 1102 1909 nec
1126 1844 1282 1909 adiutorio
1306 1843 1424 1908 deserit

277 1969 376 2034 genus
401 1950 585 2026 humanum,
619 1949 743 2032 quando
776 1935 882 2015 uoluit
910 1954 942 2015 et
964 1953 1118 2033 quantum
1144 1949 1250 2014 noluit
1271 1948 1422 2014 Romanis

275 2075 407 2141 regnum
433 2054 534 2131 dedit;
560 2055 613 2136 qui
637 2055 725 2120 dedit
747 2055 899 2138 Assyriis,
927 2058 980 2120 uel
1004 2056 1099 2121 etiarn
1122 2055 1240 2134 Persis,
1265 2055 1422 2138 aquibus

278 2164 364 2228 solos
390 2161 469 2226 duos
494 2161 569 2226 deos
590 2161 662 2238 celi,
687 2181 785 2226 unum
804 2161 933 2237 bunum,
958 2164 1093 2228 alterum
1112 2164 1243 2240 malum,
1263 2163 1424 2228 continent
1441 2183 1463 2222 1⁵

276 2269 402 2334 litterae
425 2267 573 2342 istorum
607 2270 644 2330 ut
666 2269 790 2330 taceam
814 2265 852 2332 de
882 2267 998 2350 populo
1022 2267 1177 2346 Hebraeo,
1210 2267 1248 2331 de
1273 2269 1420 2350 quoiam

279 2375 341 2440 dixi
374 2375 527 2456 quantum
559 2371 637 2438 setis
665 2373 771 2437 uisum
796 2376 854 2450 est,
888 2374 943 2456 qui
966 2377 1091 2457 praeter
1110 2392 1211 2438 unum
1235 2373 1338 2440 Deum
1362 2393 1422 2440 non

278 2481 379 2546 coluit
401 2482 433 2544 et
456 2477 580 2561 quando
603 2479 759 2562 regnauit.
785 2476 845 2557 Qui
870 2499 944 2564 ergo
968 2479 1075 2546 Persis
1100 2479 1187 2545 dedit
1210 2485 1335 2564 segetes
1356 2481 1423 2546 sine

279 2589 369 2652 cultu
402 2585 479 2650 deae
513 2583 669 2668 segetiae,
703 2585 758 2668 qni
790 2586 852 2649 alis
880 2585 961 2651 dena
983 2591 1137 2652 terrarum
1166 2585 1234 2652 sine
1262 2587 1352 2652 cultu
1376 2591 1424 2650 tot

280 2694 419 2770 deorum,
453 2710 533 2774 quos
561 2691 616 2756 isti
648 2690 742 2756 rebus
772 2690 907 2775 singulis
936 2692 1091 2777 singulos,
1124 2693 1178 2758 uel
1205 2693 1301 2758 etiam
1328 2694 1423 2759 rebus
1440 2713 1462 2752 ιο
1528 2765 1529 2773 ἵ

280 2801 415 2886 singulis
438 2800 546 2882 plures
569 2802 836 2882 praeposuerunt:
873 2799 942 2880 ipse
971 2800 1066 2865 etiam
1090 2819 1221 2884 regnum
1246 2799 1335 2865 dedit
1358 2801 1424 2865 sine

279 2909 367 2974 cultu
391 2927 511 2984 eorum,
536 2925 592 2990 per
610 2925 745 2988 querum
770 2907 891 2970 cultum
916 2925 951 2971 se
970 2907 1025 2971 isti
1043 2926 1193 2990 regnasse
1212 2906 1424 2972 crediderunt.

280 3015 333 3081 Sic
370 3015 464 3080 etiam
503 3013 701 3078 hominibus:
740 3013 793 3095 qui
827 3012 939 3089 Mario,
973 3013 1042 3096 ipse
1076 3013 1156 3078 Gaio
1190 3012 1331 3090 Caesari3
1371 3015 1424 3096 qui
1527 3089 1528 3093 Ἰ

279 3125 437 3206 Auguste,
462 3122 531 3204 ipse
556 3125 587 3185 et
609 3119 740 3194 Neroni;
770 3119 824 3201 qui
848 3119 1065 3202 Vespasianis,
1091 3119 1143 3183 uel
1166 3121 1248 3202 patri
1271 3120 1323 3185 uel
1348 3119 1425 3195 lilio,

280 3228 481 3294 suauissimis
504 3225 760 3310 imperatoribus,
784 3225 853 3310 ipse
877 3230 910 3290 et
933 3225 1113 3291 Domitiano
1139 3226 1374 3302 crudelissima
1395 3233 1425 3291 et
1440 3247 1461 3288 n

279 3353 318 3398 ne
350 3353 405 3416 per
432 3334 576 3417 singulos
607 3333 653 3398 ire
681 3351 812 3396 necesse
841 3333 893 3410 sit,
918 3332 971 3414 qui
1005 3331 1209 3398 Constantino
1234 3333 1425 3412 Christiano,
1526 3351 1527 3411 ζ

279 3441 348 3521 ipse
372 3441 536 3523 apostatae
559 3440 692 3516 Iuliane,
718 3439 811 3505 cuius
835 3439 992 3524 egregiam
1016 3438 1153 3504 indolem
1178 3439 1305 3523 decepit
1321 3459 1427 3506 amore

281 3545 461 3610 dominandi
499 3545 655 3629 sacrilega
692 3550 723 3610 et
760 3546 946 3611 detestanda
983 3547 1164 3624 curiositas,
1206 3547 1297 3612 cuius
1335 3549 1426 3612 uanis

282 3650 407 3716 deditus
427 3651 564 3716 craculis
583 3656 660 3729 erat,
685 3650 810 3734 quando
833 3651 934 3717 fretus
957 3653 1128 3718 securitate
1145 3653 1299 3718 uictoriae
1318 3672 1426 3726 naues,

282 3758 397 3840 quibus
421 3759 528 3823 uictus
551 3759 749 3823 necessarius
773 3759 967 3841 portabatur,
991 3758 1144 3832 incendit;
1170 3759 1281 3824 deiude
1305 3759 1426 3824 feruide
1443 3785 1464 3824 n

319 4019 348 4072 ll
371 4017 412 4071 illi
434 4016 467 4070 0²
522 4018 556 4072 14
575 4017 673 4122 asssyris
691 4017 729 4070 L¹
790 4018 823 4071 16
842 4017 974 4072 historum
993 4035 1027 4073 m.
1048 4021 1116 4073 2in
1133 4019 1306 4074 historiarum
1326 4037 1427 4075 corae

282 4132 408 4186 ebreoC
463 4133 494 4186 18
513 4133 707 4202 segetesineO
759 4133 792 4186 19
812 4131 878 4186 deae
888 4173 965 4187 .....
977 4135 1052 4188 cultu
1070 4141 1135 4190 m.1
1154 4137 1186 4190 in
1204 4153 1289 4206 marg.
1308 4137 1427 4204 insend

284 4222 465 4290 segestieeO
545 4221 710 4292 templerum,
730 4237 763 4274 en
783 4221 908 4290 eraa.,0
988 4224 1062 4277 cultu
1081 4229 1112 4278 ut
1129 4224 1211 4278 totd
1282 4225 1317 4280 22
1336 4225 1427 4278 crede·

283 4309 380 4364 derunt
399 4309 430 4362 0¹
487 4310 521 4363 30
540 4314 700 4378 portauatur
717 4309 744 4362 L
