3072 4928
367 433 418 486 Dc
448 432 621 487 ciuitate
650 431 711 486 dci
738 433 802 488 lib.
827 433 877 487 lIl.
901 451 975 503 cap.
1002 435 1042 488 15.
1220 440 1282 502 131

128 629 219 692 idem
235 626 355 705 Cicero,
370 631 536 710 propterca
555 627 703 692 elisium
723 647 783 692 non
803 628 956 693 creditum
976 631 1007 694 in
1028 629 1103 695 deos
1121 633 1283 714 receptum

128 737 189 801 tali
222 737 334 810 morte,
359 735 432 817 quia
459 735 593 799 fortasse
622 733 707 816 quod
735 737 801 798 erat
827 735 859 798 in
883 734 1019 800 Romulo
1046 736 1226 819 probatum,
1250 737 1283 802 id

130 847 184 907 est
209 859 409 924 persuasum,
433 841 567 905 Romani
590 843 723 923 uulgare
750 841 930 919 noluerunt,
953 841 986 906 id
1010 847 1060 906 est
1082 843 1147 908 uile
1170 845 1284 922 facere,

130 951 159 1016 si
194 950 257 1014 hoc
291 951 323 1012 et
355 947 445 1013 altori
478 947 570 1012 facile
607 948 808 1013 tribueretur.
853 947 941 1013 Dicit
977 950 1072 1014 etiam
1110 956 1215 1034 aperte
1253 953 1284 1016 in

97 1055 321 1120 einuectiuis:
347 1054 463 1131 ‘lllum,
483 1054 537 1136 qui
560 1054 640 1118 hanc
660 1054 770 1119 urbem
790 1055 939 1132 condidit,
959 1055 1129 1120 Romulum
1150 1057 1190 1121 ad
1209 1055 1284 1122 deos

129 1161 320 1227 inmortales
357 1160 572 1226 beniuolentia
608 1161 755 1243 famaque
790 1161 1002 1240 sustulimus’,
1039 1165 1077 1227 nt
1112 1182 1173 1228 non
1210 1183 1284 1228 uere

130 1269 267 1346 iactum,
297 1266 353 1332 sed
384 1271 512 1350 propter
544 1267 656 1332 merita
688 1267 818 1332 uirtutis
852 1268 921 1334 eius
952 1268 1099 1336 beniuole
1131 1271 1285 1335 iactatum

131 1375 399 1456 diffamatumque
422 1376 622 1440 monstraret.
646 1375 681 1438 In
706 1374 876 1438 Hortensio
900 1393 976 1440 nero
1001 1375 1126 1460 dialogo
1150 1395 1222 1442 cum
1247 1377 1285 1444 do

132 1481 213 1546 solis
247 1480 407 1546 canonicis
437 1479 667 1544 defectionibus
694 1479 892 1561 loqueretur:
921 1481 976 1546 ‘Ut
1003 1481 1140 1556 eosdem,
1169 1483 1284 1566 inquit,

88 1611 112 1650 ro
131 1587 282 1652 tenebras
302 1586 430 1659 efficiat,
451 1605 529 1668 quas
550 1585 653 1649 effecit
676 1585 807 1650 interitu
825 1585 964 1662 Romuli,
985 1587 1039 1669 qui
1063 1588 1285 1656 obscuratione

131 1694 213 1758 solis
243 1697 294 1758 est
321 1693 445 1758 factus‘.
484 1691 575 1758 Certe
599 1691 650 1756 hic
673 1691 802 1756 minime
827 1692 936 1757 timuit
959 1693 1096 1760 hominis
1119 1697 1284 1762 interitum

131 1802 250 1877 dicero,
275 1799 349 1882 quia
373 1777 551 1882 disputator
575 1799 676 1882 magis
701 1817 797 1880 quam
820 1798 965 1863 laudator
988 1800 1059 1864 fuit.

178 1907 284 1973 Ceteri
309 1909 416 1970 antem
440 1924 530 1990 reges
555 1905 664 1988 populi
689 1905 832 1980 Romani,
853 1913 982 1988 excepto
1002 1905 1106 1971 Numa
1127 1908 1285 1992 Pompilio

132 2019 164 2080 ot
182 2016 273 2079 Anco
293 2014 422 2090 biarcio,
443 2013 498 2094 qni
521 2013 630 2078 morbo
654 2013 851 2090 interierunt,
872 2033 965 2094 qnam
990 2014 1162 2080 horrendos
1183 2017 1285 2082 exitus

88 2121 330 2184 rehabuerunt!
356 2119 480 2192 Tullus,
505 2121 542 2182 ut
566 2117 639 2192 dixi,
658 2117 829 2196 Hostilius,
849 2119 954 2182 uictor
977 2123 1009 2184 et
1031 2139 1159 2186 euersor
1175 2120 1285 2198 Albae,

132 2247 206 2292 cnm
235 2229 306 2291 tota
335 2225 428 2290 domo
457 2243 516 2290 sua
543 2224 676 2289 fulmine
705 2228 923 2290 concrematus
953 2228 1010 2292 est.
1051 2227 1180 2292 Priscus
1212 2227 1286 2292 Tar-

132 2333 264 2416 quinius
283 2351 339 2415 per
358 2331 409 2396 sui
428 2331 604 2396 decessoris
622 2331 706 2395 filios
725 2331 914 2396 interemtus
930 2336 989 2396 est.
1015 2331 1145 2399 Seruius
1160 2333 1286 2400 Tullius

133 2440 242 2526 generi
280 2439 331 2503 sui
363 2439 524 2521 'tarquinii
558 2439 703 2522 Superbi,
738 2438 792 2521 qui
826 2438 855 2502 ei
889 2440 1045 2504 successit
1077 2441 1108 2504 in
1140 2459 1285 2524 regnum,

132 2545 252 2610 nefario
287 2545 405 2608 scelere
438 2544 564 2608 occisus
597 2547 655 2608 est.
701 2544 769 2609 Nec
801 2545 986 2610 ‘discessere
1020 2545 1122 2628 adytis
1160 2548 1286 2630 arisque

89 2679 113 2718 ιο
132 2651 255 2716 relictis
284 2651 328 2715 di'
350 2654 438 2715 tanto
466 2651 496 2714 in
531 2651 685 2732 optimum
719 2651 806 2716 illins
840 2651 950 2734 populi
981 2671 1089 2736 regem
1118 2653 1285 2735 parricidio

131 2761 326 2842 perpetrato,
347 2777 426 2840 quos
447 2756 566 2833 dicunt,
582 2762 618 2822 ut
638 2759 697 2824 hoc
716 2759 848 2822 miserae
864 2759 974 2823 Troiae
995 2758 1135 2824 lacerent
1153 2779 1286 2842 eamque

133 2865 265 2931 Graccis
286 2864 468 2929 diruendam
489 2865 738 2946 exurendamque
752 2865 975 2947 relinquerent,
992 2865 1147 2930 adulterio
1161 2866 1285 2931 Paridis

132 2973 235 3038 fuisse
256 2973 447 3048 commotos3
467 2972 522 3036 sed
541 2972 672 3055 insuper
688 2971 856 3037 interfecto
876 2991 895 3035 a
914 2989 947 3036 se
968 2991 1076 3037 socero
1096 2973 1286 3055 Tarquinius

133 3081 201 3162 ipse
226 3079 394 3144 successit.
424 3079 519 3143 Hunc
546 3079 594 3142 illi
619 3078 649 3142 di
674 3079 827 3142 nefarium
853 3077 1038 3162 parricidam
1065 3079 1166 3144 soceri
1188 3079 1284 3144 inter-

91 3218 114 3254 ae
133 3187 269 3252 sectione
284 3189 477 3270 regnantem,
492 3185 621 3267 insuper
636 3186 747 3249 mullis
762 3185 855 3250 bellis
869 3185 1078 3268 uictoriisquo
1098 3186 1285 3270 gloriantem

136 3299 168 3357 et
194 3294 234 3358 de
264 3292 422 3356 manubiis
447 3292 639 3374 Capitolium
669 3293 874 3356 fabricantem
903 3312 963 3357 non
988 3293 1204 3372 abscedentes,
1230 3293 1286 3358 sed

135 3404 318 3481 praesentes
351 3403 577 3480 manentesque
611 3399 760 3463 uiderunt
793 3403 824 3463 et
856 3418 963 3484 regem
992 3418 1086 3463 suum
1115 3401 1225 3465 louem
1253 3401 1284 3464 in

136 3507 190 3570 illo
216 3506 374 3571 altissimo
398 3505 527 3588 templo,
553 3507 612 3570 hoc
637 3507 739 3570 estin
765 3525 856 3588 opere
880 3505 1064 3589 parricidae,
1084 3506 1146 3570 sibi
1169 3505 1286 3589 praesi-

138 3613 208 3678 dere
233 3612 336 3695 adque
359 3631 489 3697 regnare
512 3613 654 3696 perpessi
673 3618 757 3677 sunt.
782 3611 891 3694 Neque
912 3613 995 3677 enim
1015 3613 1118 3677 adhuc
1137 3615 1286 3678 innocens

226 3823 239 3876 1
260 3821 297 3886 ΙΙ,
317 3837 339 3875 c.
361 3821 393 3874 17
449 3823 464 3875 5
485 3819 543 3875 car.
564 3823 588 3884 3,
611 3821 623 3874 1

175 3955 320 4024 lpropter
339 3956 367 4007 et
385 3952 423 4006 L¹
486 3955 665 4023 2pronaturn
684 3952 743 4006 Lu
810 3953 991 4008 binuectibis
1010 3953 1068 4006 Ln
1132 3952 1284 4007 cbeniuol.

139 4041 687 4112 LrlOabdcpq;bcneuol.uDomb.
744 4041 1286 4112 ibeninoleLdOobdepq;boni-

139 4133 199 4186 uolo
223 4153 253 4200 α,·
276 4131 471 4187 beneuolentia
489 4135 535 4196 ,fv
628 4133 660 4185 10
688 4132 800 4186 interitu
824 4131 958 4200 LAOp‚·
981 4132 1009 4184 in
1033 4133 1145 4185 interitu
1169 4129 1287 4200 bdeqo

139 4247 251 4316 Domb.,·
267 4249 297 4303 in
316 4249 432 4302 interitu
451 4265 470 4300 a
541 4248 575 4301 20
595 4247 748 4302 relectisG
819 4249 852 4300 22
872 4213 1078 4302 exurendamfflL
1149 4246 1286 4316 relinque-

140 4341 199 4391 runt
220 4339 251 4393 0¹
326 4337 451 4408 paridils,
470 4353 539 4390 eras.
560 4337 624 4400 i,0
675 4338 709 4390 27
733 4337 821 4390 iobem
842 4336 902 4390 Ln

1218 4439 1250 4492 9*
