3072 4930
387 402 438 456 De
467 402 639 458 ciuitate
668 401 730 456 dei
757 401 822 458 lib.
847 401 879 458 V.
904 419 978 473 cap.
1002 403 1028 460 8.
1214 408 1277 472 221

128 603 212 664 terra
236 598 326 662 Deus
346 596 434 663 dedit
456 597 572 663 liberes
591 597 796 663 uoluntates?
820 597 881 664 His
901 598 1046 662 omnibus
1072 599 1279 666 consideratis

127 724 190 770 nou
218 705 367 769 inmerito
397 705 544 782 creditur,
577 723 649 769 cum
678 704 830 790 astrologi
857 703 1045 770 mirabiliter
1075 707 1178 770 multa
1204 727 1280 772 uera

127 813 332 894 respondent,
366 810 491 874 occulto
522 811 673 876 instinctu
708 809 775 874 lieri
813 809 982 893 spirituum
1019 831 1081 876 non
1113 813 1277 890 bonorum,

129 939 267 1002 quornm
291 937 367 983 cura
390 923 439 982 est
462 917 518 982 has
542 915 640 981 falsas
664 920 697 982 et
719 918 826 982 aonias
856 919 1016 999 opiniones
1042 919 1079 983 de
1108 919 1278 984 astralibus

94 1025 202 1090 elatis
226 1026 365 1090 inserere
385 1024 531 1091 humanis
556 1024 716 1088 mentibus
741 1024 844 1108 adque
869 1025 1001 1103 firmare,
1025 1044 1087 1090 nou
1110 1025 1278 1109 horoscopi

129 1133 229 1197 notati
255 1136 287 1196 et
309 1133 445 1216 inspecti
468 1132 573 1213 aliqua
597 1134 674 1210 arte,
700 1149 779 1214 qnae
804 1133 890 1197 nulla
915 1136 973 1200 est.

557 1315 718 1390 'CAPUT
741 1325 827 1388 Vlll.

130 1467 181 1532 De
215 1467 293 1544 his,
328 1466 394 1549 qui
427 1485 501 1530 oon
535 1469 736 1530 astrorum
770 1466 1030 1547 positionem,
1069 1467 1137 1532 sed
1169 1486 1278 1532 eone·

129 1575 285 1640 aionem
311 1593 523 1640 causarum
543 1593 584 1638 ex
605 1573 676 1638 Dei
700 1575 916 1638 uoluntate
937 1574 1178 1658 pendentem
1198 1575 1275 1638 feti

86 1705 109 1738 ro
503 1680 662 1744 nomine
687 1680 907 1763 appellant.

174 1821 236 1901 Qui
274 1841 350 1888 uero
386 1842 447 1887 nou
472 1827 630 1888 astrorum
668 1823 940 1900 consttutionem,
984 1821 1079 1888 sicuti
1118 1826 1167 1888 est
1203 1841 1275 1886 oum

129 1931 269 2012 quidque
300 1929 477 2013 concipitur
506 1931 559 1995 uel
589 1929 730 1994 nascitur·
753 1930 805 1995 nel
835 1930 1013 2004 inchoatur,
1047 1930 1103 1994 sed
1136 1929 1277 1994 omnium

130 2038 331 2102 conexionem
357 2037 534 2119 seriemque
558 2055 736 2114 causarum,
771 2057 833 2118 qna
856 2037 892 2102 fit
916 2057 1007 2102 omne
1032 2037 1116 2119 quod
1138 2037 1185 2112 fit,
1218 2035 1276 2100 sati

129 2143 253 2208 nomine
272 2142 446 2226 appellant:
472 2161 533 2206 non
559 2141 696 2206 multum
721 2160 793 2205 cum
818 2141 863 2208 eis
888 2142 925 2205 de
949 2141 1038 2206 uerbi
1062 2143 1277 2208 controuersia

88 2248 335 2313 inlaborandum
361 2249 463 2330 adque
488 2247 671 2312 certandum
696 2251 755 2324 est,
779 2248 903 2330 quaudo
923 2248 1052 2329 quidem
1074 2249 1179 2332 ipsum
1205 2267 1276 2314 cau-

130 2375 235 2420 sarum
265 2355 405 2420 ordinem
434 2357 466 2418 et
489 2353 645 2436 quandam
674 2353 875 2418 conexionem
899 2355 958 2419 Dei
988 2356 1104 2418 summi
1132 2355 1276 2420 tribuunt

130 2462 289 2526 uoluntati
313 2465 345 2526 et
367 2461 528 2544 potestati,
564 2461 618 2543 qui
642 2461 761 2542 optime
791 2465 823 2525 et
850 2461 1057 2525 ueracissime
1082 2461 1220 2526 ereditur
1243 2464 1275 2525 et

132 2571 244 2632 cuncta
267 2567 347 2632 seire
372 2569 540 2647 antequam
564 2565 649 2642 liant,
684 2567 716 2628 et
739 2563 818 2629 nilril
845 2564 1058 2629 inordinatum
1082 2565 1273 2648 relinquere;

133 2692 230 2756 aquo
255 2675 330 2737 sunt
354 2691 461 2736 omnes
484 2673 670 2755 potestates,
700 2671 846 2753 quamuis
876 2671 913 2735 ab
943 2669 998 2735 illo
1029 2691 1088 2735 non
1117 2671 1181 2736 siut
1210 2691 1275 2737 orn-

91 2807 116 2846 11
132 2781 215 2846 nium
239 2781 433 2845 uoluntates.
478 2779 584 2860 Ipsam
613 2777 721 2860 itaque
743 2777 912 2860 praecipue
937 2777 996 2841 Dei
1025 2779 1141 2841 summi
1164 2780 1275 2843 uoluu-

132 2891 237 2964 tatem,
272 2887 364 2952 cuius
394 2888 537 2968 potestas
569 2883 826 2966 insuperabiliter
856 2903 913 2966 per
944 2889 1059 2949 cuncte
1090 2885 1273 2968 porrigitur,

133 3014 182 3060 eos
206 2992 365 3077 appellere
388 2993 489 3056 latum
514 2989 560 3054 sio
583 2989 743 3074 probatur.
789 2989 909 3054 Annaei
934 2989 1070 3054 Senecae
1095 2994 1179 3070 sunt,
1213 2992 1273 3056 nisi

132 3101 229 3179 fallor,
252 3101 286 3164 hi
310 3117 436 3164 uersus:

306 3229 380 3298 Duc,
405 3245 515 3288 summe
538 3230 621 3302 pater
644 3227 751 3300 altique
776 3225 939 3285 dominator
961 3226 1030 3300 poli,

91 3341 114 3378 re
308 3319 494 3390 Quocumque
518 3317 637 3391 placuit,
662 3316 744 3374 nulla
764 3316 887 3390 parendi
910 3333 990 3374 mora
1013 3319 1067 3376 est.

307 3407 418 3466 Adsum
442 3407 567 3481 inpiger:
593 3405 640 3464 iac
664 3406 750 3474 nolle,
776 3405 937 3463 comitabor
960 3420 1082 3484 gemens

305 3497 457 3569 Maiusque
480 3493 584 3570 patiar,
609 3495 704 3553 iacere
730 3495 805 3568 quod
828 3493 913 3552 licuit
935 3495 1022 3556 nono.

306 3586 424 3644 Ducunt
446 3585 592 3644 uolentem
616 3585 686 3654 fata,
711 3585 858 3642 nolentem
882 3583 1011 3644 trahunt.

217 3809 251 3862 aa
270 3807 319 3877 ap.
340 3807 391 3862 107

165 3959 298 4012 lliuerns
317 3957 343 4010 L
409 3959 498 4012 2non
515 3955 651 4026 inmerito]
671 3955 813 4010 meritoC
865 3955 1026 4024 3spiritum
1048 3954 1081 4008 0¹
1137 3955 1169 4008 15
1188 3954 1271 4007 lauor.

128 4047 184 4102 Lei
260 4051 302 4100 eet
321 4046 409 4116 adque
428 4045 538 4102 cert.O
600 4047 632 4098 19
651 4061 705 4098 non
724 4046 779 4098 sint
798 4044 831 4097 ab
850 4041 1063 4098 illocDomb.¹
1132 4043 1164 4097 21
1187 4041 1275 4098 cuiC

127 4135 382 4208 22prouaturLll
454 4150 523 4188 anne
543 4133 705 4202 b,·amiciq
760 4133 841 4194 23111
861 4132 956 4185 om.a¹
998 4131 1270 4200 eleemesynam.

127 4231 178 4279 aet.
198 4223 369 4292 adscriptum
388 4229 426 4276 est
445 4221 539 4276 ennius
559 4222 582 4276 0
687 4221 739 4275 dux
759 4221 855 4288 e¹cf,·
874 4219 926 4274 dux
946 4227 960 4276 e
979 4219 1003 4286 lo,
1024 4221 1084 4273 ein
1101 4235 1203 4288 morp.;
1221 4218 1272 4272 duc

127 4331 204 4382 meq
259 4313 293 4366 26
313 4311 503 4366 assulele
559 4311 592 4363 27
611 4311 694 4364 libuit
714 4309 773 4380 Oq²
