3136 4928
386 459 436 512 De
465 459 638 514 ciuitate
668 461 729 514 dei
757 461 822 515 lib.
850 461 882 518 X.
912 479 988 533 cap.
1014 466 1056 518 25.
1224 470 1288 534 487

584 655 721 720 CAPUT
744 657 842 720 XXV.

144 793 278 858 Omnes
302 798 455 860 sanctos
480 800 516 860 et
539 797 606 861 sub
630 797 729 881 legis
754 801 918 882 tempore
944 803 980 864 et
1003 801 1071 865 sub
1096 801 1287 882 prioribus

143 901 309 966 saeculis
345 903 381 967 in
422 907 655 969 sacramento
691 908 726 969 et
757 906 836 970 fide
871 906 1015 972 Christi
1048 909 1288 975 iustificatos

648 1012 778 1078 fuisse.

112 1171 124 1210 a
184 1151 289 1216 Huius
328 1154 514 1216 sacramenti
551 1153 611 1217 fide
650 1153 746 1217 etiam
782 1153 860 1218 iusti
897 1155 1019 1237 antiqui
1057 1155 1201 1220 mundari
1237 1158 1288 1240 pie

142 1258 277 1322 uiuendo
307 1263 489 1340 potuerunt,
514 1278 574 1324 nou
603 1261 707 1324 sulum
736 1264 904 1343 antequam
929 1262 978 1325 lex
1002 1263 1118 1344 populo
1143 1263 1287 1327 Hebraeo

142 1365 268 1428 daretur
281 1367 395 1448 (neque
415 1366 497 1430 enim
518 1367 562 1430 eis
582 1367 780 1450 praedicator
794 1369 880 1432 Deus
902 1369 952 1432 uel
972 1369 1075 1452 angeli
1096 1369 1287 1456 defuerunt),

141 1473 196 1534 sed
219 1472 322 1554 ipsius
346 1491 472 1554 quoque
496 1473 577 1556 legis
601 1475 807 1556 temporibus,
828 1475 975 1556 quamuis
1003 1476 1034 1539 in
1054 1475 1164 1560 liguris
1183 1496 1286 1540 rerum

141 1579 330 1660 spiritalium
360 1580 474 1644 hahere
502 1580 664 1644 uideretur
690 1581 848 1663 promissa
876 1583 1020 1660 earnalia,
1049 1587 1177 1666 propter
1203 1583 1288 1666 quod

99 1706 123 1744 ro
139 1689 234 1750 uetus
258 1686 375 1751 dicitur
396 1689 636 1752 testamentum.
660 1687 742 1753 Nam
766 1692 798 1752 et
820 1690 992 1771 prophetae
1015 1693 1092 1754 tunc
1117 1692 1214 1762 erant,
1232 1708 1289 1773 per

140 1813 231 1874 quoe,
260 1792 344 1857 sicut
375 1813 431 1876 per
458 1795 598 1877 angelos,
628 1795 734 1858 eadem
764 1796 932 1876 promissio
961 1797 1140 1878 praedicata
1168 1799 1226 1866 est,
1257 1799 1289 1858 et

139 1921 174 1965 ex
202 1901 328 1966 illorum
357 1919 486 1964 numero
516 1904 591 1976 erat,
616 1901 706 1965 cuius
730 1906 795 1966 tam
821 1922 966 1985 magnam
991 1904 1194 1986 diuinamque
1219 1924 1287 1968 seu·

136 2011 269 2078 tentiam
294 2007 331 2071 de
356 2007 428 2071 boni
451 2007 580 2071 humani
604 2007 665 2071 fine
688 2008 782 2090 paulo
807 2013 879 2073 ante
903 2011 1163 2075 commemoraui:
1193 2011 1286 2074 Mihi

138 2121 262 2180 autem
292 2115 492 2179 adhaerere
518 2114 595 2178 Deo
623 2114 761 2179 bonum
791 2119 858 2180 est.
892 2115 927 2179 lu
957 2137 1018 2198 quo
1047 2119 1138 2199 plane
1163 2119 1285 2200 psalmo

95 2241 118 2280 rs
137 2225 272 2288 duorum
302 2223 575 2298 testamentorum,
601 2241 680 2303 quae
709 2220 858 2285 dicuntur
881 2227 975 2287 uetus
1000 2227 1030 2286 et
1054 2243 1183 2301 notrum,
1208 2224 1286 2288 satis

137 2334 186 2394 est
206 2330 361 2394 declarata
386 2330 559 2394 distinctio.
583 2331 716 2411 Propter
735 2331 874 2394 carnales
894 2331 976 2394 enim
996 2334 1198 2412 terrenasque
1217 2351 1287 2413 pro·

136 2438 317 2514 missiones,
347 2455 418 2500 orani
452 2456 505 2500 eas
538 2436 632 2518 inpiis
667 2437 824 2501 abundare
852 2437 1056 2519 perspiceret,
1086 2437 1163 2502 dicit
1189 2437 1286 2520 pedes

137 2563 213 2608 suos
237 2562 334 2626 paene
358 2543 458 2608 fuisse
478 2547 654 2608 commotos
675 2548 706 2608 et
725 2545 843 2608 effrusos
862 2547 892 2608 iu
912 2545 1039 2627 lapsum
1058 2545 1286 2626 propemodum

136 2669 265 2733 gressus
300 2669 385 2718 suos.
414 2654 576 2732 tamquam
609 2651 728 2714 frustra
755 2651 821 2714 Deo
855 2651 924 2732 ipse
958 2651 1121 2728 seruisset,
1150 2669 1221 2714 cum
1250 2669 1287 2713 ea

92 2773 117 2812 το
136 2755 299 2832 felicitate,
330 2775 423 2838 quam
457 2756 494 2820 de
526 2756 581 2821 illo
616 2757 811 2838 expectabat,
840 2761 1050 2822 contemtores
1080 2757 1147 2822 eius
1176 2757 1285 2820 florere

136 2863 342 2945 perspicerem
372 2882 467 2945 seque
495 2862 526 2926 in
554 2863 599 2926 rei
626 2863 721 2928 huius
749 2864 954 2946 inquisitione
982 2865 1153 2940 lahorasse,
1178 2862 1285 2928 inolen-

136 2975 201 3034 tem
221 2990 302 3051 quur
320 2971 365 3034 ita
385 2973 470 3034 esset
488 2969 730 3053 adprehendere,
751 2971 850 3035 donec
870 2973 999 3036 intraret
1017 2973 1048 3035 in
1069 2973 1285 3036 sanctuarium

135 3078 195 3142 Dei
220 3083 253 3141 et
274 3077 474 3160 intellegeret
497 3077 528 3140 in
553 3077 728 3141 nouissima
752 3098 871 3155 eorum,
892 3080 946 3160 qui
966 3080 1074 3143 felices
1095 3080 1284 3144 uidebantur

137 3186 261 3250 erranti.
295 3184 382 3248 Tunc
412 3203 464 3249 eos
493 3184 650 3248 intellexit
678 3185 707 3248 in
737 3205 783 3262 eo,
814 3185 896 3267 quod
927 3204 959 3249 se
989 3185 1177 3262 extulerant,
1203 3185 1287 3248 sicut

91 3307 116 3346 ²⁵
136 3292 224 3368 dicit,
245 3291 344 3356 fuisse
369 3291 508 3355 deiectos
532 3299 564 3354 et
588 3291 740 3355 defecisse
760 3311 796 3355 ac
815 3293 934 3376 perisse
954 3297 1082 3374 propter
1100 3291 1285 3374 iniquitates

136 3419 225 3472 suas;
263 3401 430 3480 totumque
468 3398 548 3462 illud
588 3399 711 3462 culmen
750 3399 933 3479 temporalis
966 3399 1129 3463 felicitatis
1163 3399 1207 3460 ita
1240 3398 1284 3460 eis

135 3505 257 3568 factum
286 3509 446 3586 tamquam
477 3505 633 3568 somnium
659 3505 852 3588 eaigilantis‚
878 3507 930 3587 qui
956 3525 989 3570 se
1013 3511 1139 3586 repente
1163 3505 1286 3569 inuenit

136 3611 203 3675 suis
223 3630 303 3693 quae
323 3613 501 3677 somniabat
520 3613 686 3676 fallacibus
707 3613 831 3696 gaudiis
852 3612 1053 3678 destitutum.
1078 3614 1118 3676 Et
1137 3611 1284 3694 quoniam

135 3717 167 3781 in
200 3717 260 3782 hac
294 3721 375 3782 terra
406 3719 459 3782 uel
488 3719 517 3780 in
548 3719 678 3782 ciuitate
707 3723 828 3782 terrena
857 3721 963 3803 magni
993 3720 1052 3783 sihi
1082 3719 1283 3782 uidebantur:

229 3935 262 3988 13
282 3933 325 3986 Pe.
347 3934 389 3995 72,
409 3935 442 3987 28

172 4095 187 4147 7
208 4094 248 4146 eis
267 4109 318 4146 om.
339 4109 352 4146 e
405 4093 421 4146 8
441 4095 523 4162 temp.
538 4093 592 4161 leg.
609 4110 628 4146 a
682 4095 697 4145 9
717 4093 817 4147 hahere
835 4111 921 4162 usque
940 4095 979 4148 ud
996 4098 1189 4150 testamentum
1205 4111 1284 4150 cnm

136 4181 169 4233 12
189 4179 336 4248 diuumque
356 4179 383 4233 b¹
438 4180 470 4233 21
490 4181 657 4250 prospiceret
676 4197 708 4248 a;
727 4182 895 4250 pspieeretc
949 4183 982 4235 22
1003 4182 1215 4252 adprehendere]
1236 4201 1283 4252 ap·

133 4269 249 4339 probare
270 4285 288 4321 a
379 4269 413 4322 24
433 4285 517 4338 quoa
607 4271 641 4323 25
661 4271 762 4324 eiectos
782 4287 815 4336 o‚·
834 4271 992 4324 disiectosl
1081 4273 1115 4326 26
1135 4273 1175 4326 ita
1193 4288 1243 4328 om.
1266 4289 1284 4326 a

133 4361 167 4412 29
187 4361 215 4412 in
237 4357 312 4412 eluit.
333 4358 488 4427 ahelpa;
506 4359 533 4412 iu
553 4375 603 4412 om.
622 4376 638 4414 o
656 4359 754 4414 Donrb.
828 4377 928 4428 magna
947 4359 976 4413 h²
