3136 4934
299 439 365 502 374
642 435 668 488 S.
697 431 854 488 Aurelii
880 431 1099 503 Augustini
1540 392 1541 480 i

300 631 404 696 enim
432 629 524 694 illis
557 629 859 706 manifestauit;
893 626 1135 695 inuisibilia
1168 628 1269 694 enim
1305 629 1392 693 eius
1421 646 1438 690 a
1540 617 1541 646 ³

300 735 607 803 constitutione
631 734 768 800 mundi
791 755 861 818 per
890 755 942 811 ea,
978 754 1078 819 quae
1108 735 1221 800 iacta
1253 739 1357 812 sunt,
1388 733 1438 798 in·

300 844 475 911 tellecta
500 842 824 925 conspiciuntur,
849 841 1099 926 sempiterna
1124 860 1282 925 quoque
1305 841 1436 906 uirtus
1540 871 1541 890 r

300 953 387 1018 eius
412 955 451 1017 et
475 950 691 1015 diuinitas:
716 969 799 1014 nunc
823 969 884 1014 norr
907 949 1053 1015 inmerito
1073 969 1123 1014 me
1142 949 1323 1014 Platonicos
1343 947 1438 1030 philo·

299 1057 418 1142 sophos
443 1057 578 1142 elegisse
603 1076 677 1122 cum
698 1057 814 1138 quibus
839 1075 941 1140 agam,
970 1055 1056 1139 quod
1088 1056 1117 1120 lrr
1150 1057 1214 1120 ista
1246 1054 1437 1139 quaestione,
1463 1077 1474 1116 r

300 1185 394 1248 quam
418 1163 512 1229 modo
537 1165 747 1247 suscepimus,
772 1163 877 1247 agitur
900 1163 937 1228 de
966 1163 1100 1228 naturali
1134 1162 1304 1247 theologia,
1336 1165 1437 1226 utrum

299 1274 428 1355 propter
449 1271 648 1348 felicitatem,
674 1289 754 1352 quae
777 1272 1008 1353 postmortem
1031 1270 1139 1334 futura
1162 1272 1221 1348 est,
1246 1270 1301 1334 uni
1318 1269 1385 1334 Deo
1405 1289 1439 1332 arr

299 1379 445 1464 pluribus
483 1397 572 1442 sacra
602 1378 704 1442 facere
738 1381 891 1459 oporteat,
924 1376 1013 1456 satis,
1047 1379 1083 1442 ut
1113 1377 1269 1454 existimo,
1302 1376 1439 1460 exposui.

300 1486 375 1551 Ideo
401 1486 518 1568 quippe
540 1484 598 1549 hos
622 1484 827 1566 potissimum
851 1484 943 1568 elegi,
968 1483 1116 1566 quoniam
1141 1483 1180 1548 de
1208 1502 1271 1549 uno
1294 1484 1362 1548 Deo
1389 1480 1439 1564 qui
1540 1465 1541 1556 l

300 1591 377 1656 lecit
401 1591 522 1656 caelum
547 1595 579 1655 et
602 1593 727 1666 terram,
752 1593 869 1672 quanto
889 1590 1004 1655 melius
1024 1594 1202 1669 sensemnt,
1221 1593 1310 1655 tanto
1331 1589 1439 1655 ceteris
1456 1609 1476 1648 ro

302 1697 505 1781 gloriosiores
530 1701 560 1762 et
584 1697 782 1762 inlustriores
805 1696 970 1774 habentur,
995 1695 1026 1761 irr
1051 1699 1174 1762 tantum
1208 1696 1280 1762 aliis
1313 1695 1439 1779 praelati

301 1803 418 1869 iudicio
442 1807 653 1887 posterorum,
681 1806 727 1880 ut,
757 1822 829 1868 cnm
857 1805 1057 1880 Aristoteles,
1080 1803 1223 1868 Platonis
1257 1803 1440 1886 discipulus,
1540 1783 1541 1826 ¹

302 1911 353 1975 uir
375 1908 558 1974 excellentis
582 1909 701 1993 ingenii
725 1912 756 1974 et
787 1910 912 1990 eloquio
937 1909 1064 1975 Platoni
1097 1909 1224 1993 quidem
1256 1910 1355 1993 inpar,
1388 1908 1438 1974 sed

301 2018 420 2082 multos
445 2017 538 2081 lacile
563 2035 725 2099 superans,
746 2035 818 2081 cum
839 2019 958 2080 sectam
977 2016 1220 2099 Peripateticum
1241 2017 1438 2093 condidisset,

302 2122 387 2205 quod
419 2121 625 2190 deambulans
658 2122 820 2205 disputare
853 2127 1071 2202 consueuerat,
1104 2123 1321 2207 plurimosque
1353 2123 1439 2188 disci-
1455 2141 1475 2180 rr

301 2228 394 2312 pulos
413 2228 573 2312 praeclara
591 2227 675 2292 fama
693 2228 848 2293 excellens
868 2229 943 2293 uiuo
963 2228 1065 2294 adhuc
1083 2235 1286 2313 praeceptore
1304 2229 1335 2296 irr
1355 2250 1440 2296 suam

301 2335 457 2402 haeresim
479 2337 714 2418 congregasset,
734 2339 960 2418 postmortem
980 2354 1053 2400 uero
1073 2335 1216 2400 Platonis
1237 2336 1439 2420 Speusippus,

303 2441 418 2510 sororis
443 2442 511 2507 eius
535 2441 631 2517 filius,
656 2445 689 2506 et
711 2440 913 2520 Xenocrates,
938 2441 1073 2506 dilectus
1098 2441 1166 2509 eius
1197 2442 1384 2526 discipulus,
1410 2443 1439 2507 irr

302 2550 445 2614 scholam
468 2549 547 2626 eius,
572 2567 652 2630 quae
674 2546 846 2611 Academia
868 2549 1051 2626 uocabatur,
1082 2547 1184 2614 eidem
1216 2550 1440 2616 successissent

303 2656 404 2739 adque
430 2655 468 2720 ob
493 2653 553 2718 hoc
578 2657 609 2718 et
627 2653 689 2736 ipsi
709 2657 869 2717 eteorum
889 2672 1089 2718 successor-es
1108 2653 1292 2720 Academici
1311 2657 1438 2740 appella·
1454 2675 1475 2714 a

301 2767 420 2842 rentur,
444 2759 635 2826 recentiores
658 2765 763 2826 tamen
788 2759 969 2842 philosophi
992 2759 1194 2840 nobilissimi,
1220 2762 1336 2844 quibus
1353 2762 1439 2827 Plato

303 2868 472 2936 sectandus
504 2866 635 2949 placuit,
670 2865 829 2932 noluerint
860 2885 893 2930 se
928 2866 988 2930 dici
1021 2867 1250 2950 Peripateticos
1282 2871 1338 2934 aut
1367 2869 1439 2934 Aca-

303 2975 454 3050 demicos,
492 2973 548 3039 sed
580 2973 772 3040 Platonicos.
819 2973 864 3038 Er
901 2973 1016 3055 quibus
1055 2979 1130 3039 sunt
1161 2973 1255 3040 ualde
1288 2974 1440 3041 nobilitati

305 3082 417 3148 Graeci
444 3082 602 3159 Plotinus,
631 3080 836 3159 lamblichus,
867 3079 1076 3164 Porphyrium
1108 3080 1141 3144 in
1173 3084 1308 3165 utraque
1342 3085 1438 3148 autern

302 3191 421 3275 lingua,
445 3188 479 3254 id
502 3192 552 3254 est
575 3191 607 3253 et
632 3187 752 3252 Graeca
775 3189 808 3250 et
829 3187 950 3263 Latina,
974 3186 1128 3269 Apuleius
1152 3188 1229 3253 Afer·
1251 3189 1356 3254 estitit
1376 3190 1441 3254 Pla·
1455 3203 1477 3246 a

304 3297 430 3362 tonicus
454 3295 580 3360 nobilis.
624 3294 685 3360 Sed
708 3291 742 3356 hi
766 3312 874 3357 omnes
904 3297 936 3356 et
969 3293 1064 3357 ceteri
1097 3294 1165 3358 eius
1198 3295 1286 3360 modi
1319 3300 1351 3361 et
1379 3294 1440 3379 ipse

192 3446 194 3450 -
302 3402 394 3466 Plato
419 3401 467 3466 dis
491 3400 637 3484 plurimis
662 3419 732 3465 esse
764 3419 853 3464 sacra
875 3399 1019 3464 facienda
1041 3404 1244 3483 putauerunt.

340 3774 594 3828 3eiusrrirtasso
648 3776 727 3827 ime
747 3790 828 3828 onas
892 3773 1068 3844 etphilos.e
1122 3775 1246 3844 tegisse
1266 3775 1286 3828 l¹
1349 3771 1441 3844 quide

304 3863 529 3932 deascipitura¹
584 3861 662 3924 udo,
682 3878 697 3915 o
717 3865 837 3916 snm
855 3863 864 3914 i
883 3862 1002 3928 corr.,0
1053 3863 1270 3916 Sanctificarea
1323 3863 1440 3918 estimes

306 3955 339 4008 14
349 3969 407 4006 curn
420 3955 521 4006 sectam
534 3951 584 4004 Oa
595 3952 610 4004 b
620 3951 640 4005 d
649 3951 659 4004 l
663 3967 685 4019 p
695 3967 709 4004 s
720 3969 737 4001 α
745 3949 772 4004 lc¹
779 3953 816 4016 f,·
825 3955 977 4005 consectam
988 3969 1015 4017 c;
1025 3969 1083 4006 curn
1093 3968 1144 4007 om.
1154 3967 1170 4006 o
1180 3952 1278 4006 Donrb.
1332 3953 1439 4021 pppctc-

303 4041 359 4096 tica
379 4059 411 4108 a;
429 4039 644 4110 phypateticad
716 4041 748 4094 17
776 4041 921 4110 reusippus
943 4039 978 4107 0,·
995 4041 1142 4110 peusippus
1162 4041 1185 4106 l;
1203 4039 1346 4110 leulyppns
1364 4039 1408 4108 dp
1416 4053 1440 4102 c,·

305 4131 433 4200 eusippus
453 4129 548 4197 cbeq
603 4129 636 4183 18
655 4131 806 4183 xenocratis
824 4128 857 4196 0,·
877 4132 1031 4184 senocrates
1045 4129 1075 4194 b;
1094 4129 1284 4183 exnocrstesd
1337 4127 1368 4181 19
1386 4141 1440 4180 sco·

304 4219 358 4273 lam
380 4217 579 4287 Cabdclpa
643 4217 872 4272 22nclueruntc
934 4219 969 4271 24
987 4217 1130 4272 iamblicus
1151 4216 1243 4272 odet
1305 4215 1440 4271 acideo

304 4359 411 4412 graeca,
431 4342 529 4396 ornr'oso
549 4347 577 4394 et
596 4343 629 4396 cl
719 4342 752 4394 27
777 4318 853 4396 sacra
871 4341 1004 4406 iacienda,
1023 4343 1054 4396 in
1073 4359 1157 4413 marg.
1177 4318 1359 4404 scenicandu,
1378 4355 1392 4393 c
