3094 4932
303 1167 417 1232 LIBRI
440 1167 481 1232 II.
506 1165 897 1232 RETRACTATIONI'M
922 1167 1011 1232 CAP.
1035 1168 1148 1232 XLIII.

624 1329 837 1338 --———-·-———

195 1451 435 1516 1616666116666
450 1449 626 1516 Gothorum
641 1452 819 1534 inruptione
835 1453 996 1536 agentium
1012 1452 1070 1516 sub
1091 1472 1163 1536 rege
1178 1453 1301 1518 Alarico

150 1559 255 1642 adque
289 1559 411 1641 impetu
444 1577 578 1642 magnae
611 1559 709 1623 cladis
743 1579 854 1623 euersa
887 1563 945 1637 est,
980 1561 1071 1624 66166
1105 1561 1303 1624 6666616666

113 1666 284 1730 odacrum
312 1665 465 1729 1616661616
489 1666 727 1748 multorumque
752 1666 900 1735 cultores,
930 1687 1008 1748 quos
1032 1667 1153 1730 usitato
1178 1667 1302 1730 nomine

149 1791 292 1855 paganos
321 1790 484 1850 66666666,
512 1773 544 1835 16
570 1771 777 1836 Christianam
808 1774 993 1855 religionem
1016 1773 1129 1836 referre
1154 1777 1302 1838 conantes

151 1879 247 1943 661116
267 1879 413 1943 acerbius
433 1881 465 1942 61
484 1878 621 1942 amarius
637 1879 740 1942 Deum
760 1898 870 1942 uerum
890 1879 1108 1962 blasphemare
1125 1885 1303 1963 coeperunt.

151 1985 242 2051 Unde
271 2004 329 2068 ego
358 1985 562 2049 exardescens
591 1985 657 2048 6616
687 1985 800 2050 domus
825 1985 885 2048 Dei
913 1985 1065 2050 aduersus
1090 2007 1196 2052 eorum
1221 1987 1304 2050 blas-

152 2092 296 2176 phemias
317 2092 370 2154 661
389 2111 508 2155 errores
528 2091 625 2157 libros
650 2091 695 2155 cle
719 2091 895 2157 ciuitate
920 2093 993 2158 Dei
1013 2093 1148 2157 scribere
1167 2093 1303 2157 institui.

108 2221 134 2258 ro
155 2197 245 2276 Quod
276 2219 356 2281 opus
384 2218 440 2281 per
463 2198 586 2280 aliquot
609 2218 706 2262 annos
731 2217 782 2262 666
806 2201 919 2273 1666611,
949 2220 985 2264 66
1010 2201 1094 2282 quod
1118 2200 1180 2264 alia
1204 2201 1306 2263 multa

153 2306 415 2380 intercurrebant,
450 2325 529 2388 quae
563 2305 685 2368 differre
718 2324 778 2368 non
813 2310 972 2387 oporteret
1000 2310 1032 2370 et
1064 2327 1114 2372 me
1146 2308 1233 2390 prius
1267 2307 1305 2370 611

155 2413 344 2478 soluendum
370 2412 576 2493 occupabant.
599 2411 669 2476 Hoc
693 2415 800 2475 autem
824 2413 870 2476 de
897 2413 1071 2478 ciuitate
1092 2413 1165 2478 Dei
1189 2413 1306 2497 grande

156 2540 234 2602 opus
263 2520 393 2583 tandem
420 2518 537 2602 uiginti
566 2518 690 2582 duobus
719 2519 809 2582 libris
834 2523 884 2582 est
906 2519 1122 2584 terminatum.
1165 2517 1306 2598 Quorum

156 2629 306 2710 quinque·
324 2625 418 2708 primi
448 2645 501 2692 666
529 2626 689 2700 661611661,
720 2626 774 2706 qui
801 2646 850 2690 666
879 2627 1034 2690 humanas
1057 2627 1103 2690 116
1130 2627 1307 2708 prosperari

114 2737 280 2812 66661661,
314 2737 352 2797 ut
384 2732 422 2796 ad
454 2733 515 2796 1666
547 2732 721 2796 multorum
754 2731 884 2797 deorum
917 2734 1049 2811 cultum,
1083 2751 1162 2816 quos
1193 2733 1308 2816 pagani

157 2841 260 2905 661666
279 2841 523 2916 consueuerant,
549 2838 761 2902 necessarium
782 2858 851 2904 6666
872 2840 1071 2917 arbitrentur,
1096 2844 1128 2904 61
1147 2841 1221 2921 quia
1238 2857 1307 2921 pro·

157 2947 295 3024 hibetur,
315 2947 399 3010 mala
418 2945 481 3010 1616
501 2945 612 3010 exoriri
636 2945 737 3026 adque
762 2946 920 3010 abundare
940 2946 1144 3012 contendunt.
1170 2945 1309 3028 Sequen-

157 3058 206 3118 tes
231 3059 339 3118 autem
364 3053 502 3135 quinque
527 3052 680 3116 aduersus
706 3070 760 3116 666
785 3053 967 3133 loquuntur,
993 3054 1047 3136 qui
1070 3054 1208 3116 latentur
1232 3052 1308 3115 baec

158 3163 242 3224 mala
256 3179 314 3224 nec
330 3159 470 3223 defuisse
490 3178 640 3241 umquem
662 3177 718 3223 nec
738 3158 885 3222 defutura
903 3160 1100 3235 mortalibus
1121 3163 1154 3222 et
1172 3177 1208 3221 ea
1227 3177 1310 3221 6666

112 3287 140 3327 66
159 3287 284 3352 magna,
314 3285 395 3330 nunc
423 3285 521 3349 parua
544 3266 623 3330 16616
648 3265 845 3347 temporibus
868 3265 1076 3348 personisque
1100 3263 1225 3340 uariari,
1254 3263 1310 3326 sed

159 3373 290 3439 deornm
316 3373 489 3437 multorum
513 3372 645 3448 cultum,
671 3391 732 3454 quo
758 3372 802 3436 616
828 3373 1031 3446 sacrificatur,
1059 3375 1188 3454 propter
1210 3370 1309 3433 uitam

159 3483 235 3561 post
258 3483 394 3541 mortem
416 3478 557 3542 futuram
582 3495 651 3542 esse
675 3477 787 3540 utilem
812 3477 985 3571 disputant.
1010 3478 1069 3542 His
1100 3496 1173 3560 ergo
1203 3476 1310 3540 decem

198 3721 247 3776 EX
269 3721 378 3775 LIBRO
402 3719 738 3775 RETRACTATIONUM
763 3709 818 3775 scr
842 3721 1043 3777 AUGUSTINI
1068 3718 1238 3774 SECUNDO
1263 3717 1311 3770 TI-

162 3811 258 3866 TULO
282 3811 413 3865 LXVIIII
432 3811 482 3876 (616
492 3813 512 3876 l)
536 3809 559 3862 0
664 3809 865 3864 AUGIJs'rINI
888 3812 937 3865 DI}
957 3809 1127 3865 CIVITA'I'E
1146 3808 1211 3862 DEI
1229 3807 1311 3861 SEN-

162 3900 300 3956 TENTIA
319 3900 365 3953 EX
384 3899 492 3954 LIBRO
513 3898 886 3968 RETRACTATIONUMP
933 3903 994 3953 366
1008 3901 1167 3968 gentiump
1224 3895 1311 3949 athla-

161 3993 218 4045 6166
233 4008 256 4060 p
319 3990 481 4058 4166661111,
500 3995 529 4042 61
547 4005 624 4042 croac
647 3989 669 4042 C
741 3989 798 4041 6166
813 4005 835 4056 p
899 3992 987 4058 bquo
1010 3987 1041 4040 0¹
1099 3989 1112 4040 7
1134 3985 1256 4039 66666166
1279 3983 1310 4036 0¹

163 4081 293 4150 amarius]
314 4081 438 4132 66166166
460 4077 483 4131 0
548 4077 636 4130 8Dei
655 4093 705 4132 om.
728 4077 752 4131 C
819 4080 847 4131 11
870 4077 1043 4132 incurrebant
1056 4094 1078 4144 p
1149 4072 1311 4128 laneorum

163 4187 232 4240 quos
251 4170 351 4239 pagani
372 4169 460 4222 colere
479 4169 677 4220 consueuerant
695 4166 832 4234 cultump
897 4169 929 4220 16
950 4167 1114 4220 6666666661
1135 4163 1157 4217 0
1217 4163 1251 4214 22
1271 4159 1283 4213 f
1301 4189 1312 4199 ·

161 4258 252 4314 'turam
279 4275 338 4312 esse
361 4261 503 4311 uenturam
529 4255 675 4324 disponant
700 4255 841 4324 disputant
867 4257 936 4324 t'peis
964 4253 1125 4308 correcturas
1152 4253 1183 4306 16
1211 4255 1313 4302 textum

162 4349 278 4417 receptis
292 4365 313 4417 p

192 4477 272 4516 erx
288 4477 348 4524 Aug.
365 4483 436 4522 opere
449 4473 524 4514 Sectlo
538 4471 557 4512 V
571 4481 624 4521 pare
639 4471 649 4510 1
1264 4447 1275 4496 I
