3136 4928
252 409 318 472 494
600 401 626 455 S.
654 345 811 454 Antelii
839 398 1057 468 Augustini

250 600 401 682 libusque
433 598 601 662 concurrit.
641 593 724 674 Quid
755 593 885 678 prodest
916 595 991 676 quia
1022 611 1136 677 negare
1169 613 1230 656 non
1261 591 1403 674 potuisti

251 725 351 771 errare
379 704 522 769 homiues
551 701 716 786 theurgica
745 701 912 783 disciplina
934 704 967 764 et
990 719 1084 781 quam
1108 699 1261 782 plurimos
1289 699 1403 764 fallere

250 831 305 895 par
323 829 447 876 caecam
471 809 738 892 insipientemque
763 807 952 872 sententiam
974 806 1075 887 adque
1095 825 1165 870 esse
1185 805 1403 870 certissimum

250 937 384 982 errorem
410 915 530 1000 agendo
556 918 589 978 et
611 912 818 996 supplicando
843 912 882 976 ad
901 912 1059 993 principes
1079 911 1272 994 angelosque
1292 911 1404 976 decur-

250 1045 327 1102 rere,
353 1028 384 1088 et
406 1043 543 1098 rursum,
568 1022 658 1104 quasi
681 1041 719 1085 ue
744 1040 870 1104 operam
894 1018 1070 1102 perdidisse
1097 1018 1237 1083 uidearis
1263 1017 1328 1082 ista
1356 1018 1406 1081 di·
1438 1039 1453 1075 5

250 1131 375 1208 scendo,
395 1129 497 1194 mittis
517 1129 658 1192 homines
680 1127 718 1192 sd
738 1127 901 1210 theurgos,
921 1129 957 1190 ut
975 1145 1031 1208 per
1050 1145 1103 1190 eos
1124 1128 1228 1188 arima
1247 1124 1406 1206 spiritalis

146 1295 149 1302 .
247 1241 401 1321 purgetur
432 1235 572 1313 illorum,
602 1235 656 1317 qui
690 1253 750 1298 non
784 1232 956 1298 secuudum
985 1231 1232 1296 intellectualem
1263 1232 1407 1296 animem

247 1345 384 1408 uiuunt?

670 1515 806 1581 CAPUT
829 1514 975 1580 XXVIII.

252 1658 400 1738 Quibus
440 1657 756 1741 persuasionibus
794 1656 1027 1739 Porphyrius
1066 1655 1295 1720 obcaecatus
1333 1674 1459 1720 nonno

326 1766 496 1848 potuerit
519 1784 642 1829 ueram
669 1764 907 1847 sapientiam,
933 1762 1030 1846 quod
1054 1767 1112 1828 est
1137 1761 1325 1838 Christus,

719 1889 931 1954 agnoscere.

295 2014 399 2078 Mittis
432 2033 505 2097 ergo
539 2013 682 2078 homines
716 2013 746 2077 iu
782 2031 916 2076 errorem
950 2011 1175 2086 certissimum,
1208 2029 1310 2092 neque
1344 2011 1411 2076 hoc

252 2123 376 2184 tectum
400 2121 518 2184 malum
544 2124 575 2185 te
598 2121 707 2201 pudet,
728 2138 800 2183 cum
825 2121 955 2184 uirtutis
981 2122 1014 2182 et
1033 2117 1206 2199 sapientiae
1225 2117 1411 2200 profitearis

255 2229 440 2300 amatorem3
470 2246 564 2307 quam
594 2225 621 2290 si
649 2245 722 2290 uere
751 2245 787 2289 ac
814 2225 950 2290 fideliter
977 2244 1127 2299 amasses,
1152 2224 1315 2289 Christum
1346 2225 1414 2289 Dei
1434 2252 1464 2292 rs

255 2333 407 2396 uirtutem
437 2335 469 2396 et
491 2333 549 2396 Dei
578 2333 766 2416 sapientiam
795 2333 1000 2416 coguouIsses
1028 2351 1084 2395 nec
1108 2331 1146 2394 nb
1172 2330 1240 2395 eius
1265 2331 1413 2396 saluber-

255 2440 335 2504 rima
366 2439 546 2503 humiIItate
578 2443 703 2504 tumore
736 2438 863 2502 inflatus
896 2459 995 2502 uanae
1028 2438 1178 2502 scientiae
1212 2437 1414 2503 resiluisses.

257 2544 422 2611 Confiteris
460 2549 564 2609 tamen
603 2547 699 2610 etiam
737 2546 911 2628 spiritalem
951 2545 1086 2608 animum
1125 2543 1192 2608 sine
1229 2544 1415 2626 theurgicis

257 2653 377 2717 artibus
416 2658 447 2716 et
479 2653 546 2718 sine
579 2653 697 2727 teletIs,
731 2653 847 2734 quibus
880 2653 997 2716 frustra
1030 2651 1190 2716 discendis
1224 2652 1415 2726 elaborasti,

257 2777 350 2842 posse
370 2759 580 2824 continentiae
600 2759 719 2823 uirtute
738 2761 874 2843 purgari.
899 2758 1077 2841 Aliquando
1098 2759 1194 2822 etiam
1214 2757 1306 2827 dicis.
1321 2759 1417 2839 quod
1437 2787 1468 2826 so

256 2865 372 2930 teletae
402 2885 462 2930 uon
491 2869 566 2949 post
592 2869 726 2930 mortem
755 2866 880 2930 eleuant
903 2866 1049 2941 animam,
1073 2868 1112 2928 ut
1134 2865 1197 2928 iam
1221 2883 1278 2928 uec
1303 2863 1417 2930 eidem

257 2973 330 3055 ipsi,
360 2992 453 3054 quam
483 2973 656 3054 spiritalem
686 2992 792 3049 uocas,
823 2972 943 3055 aliquid
971 2975 1044 3054 post
1072 2972 1168 3036 buius
1196 2971 1282 3035 uitae
1311 2971 1414 3036 finem

256 3078 406 3162 prodesse
439 3079 618 3154 uideantur;
654 3083 685 3142 et
716 3083 820 3142 tamen
854 3098 962 3144 uersos
995 3079 1072 3142 baec
1102 3078 1214 3142 multis
1241 3077 1348 3144 modis
1380 3087 1418 3143 et

258 3185 385 3266 repetis,
409 3185 447 3248 sd
471 3185 549 3249 nihil
573 3185 670 3262 aliud,
691 3190 844 3268 quantum
868 3186 1024 3260 existimo,
1049 3185 1110 3249 uisi
1133 3189 1170 3248 ut
1191 3184 1307 3248 tullum
1332 3204 1416 3266 quo-

258 3309 319 3372 que
338 3310 442 3354 rerum
463 3291 554 3373 quasi
572 3292 692 3373 peritus
712 3309 860 3373 appareas
882 3293 913 3354 et
931 3291 1056 3372 placeas
1076 3290 1268 3354 inlicitorum
1290 3291 1415 3356 artium
1437 3322 1468 3361 a

258 3397 404 3473 curiosis,
433 3399 486 3461 uel
519 3399 558 3462 sd
591 3417 643 3462 eas
676 3396 774 3460 facias
806 3398 875 3479 ipse
908 3397 1061 3461 curiosos.
1104 3397 1166 3462 Sed
1198 3397 1288 3470 bene,
1322 3399 1415 3480 quod

295 3613 313 3664 4
339 3612 425 3665 uerba
449 3611 588 3666 decurrere
612 3630 697 3682 usque
721 3613 759 3666 ad
781 3613 911 3681 theurgos
937 3613 954 3666 l.
976 3615 994 3664 6
1018 3611 1033 3664 b
1056 3612 1087 3664 in
1106 3627 1192 3681 marp.
1283 3613 1300 3666 5
1329 3615 1416 3680 quasi

260 3701 284 3753 si
302 3716 368 3754 nce
440 3718 474 3754 ne
493 3701 579 3754 cnr.b
653 3717 735 3771 opera
753 3719 803 3768 es;
822 3717 903 3772 opera
922 3704 952 3754 tn
967 3718 989 3770 p
1063 3700 1176 3754 dicendo
1196 3717 1239 3754 ae
1294 3701 1416 3756 dathe-

259 3807 341 3859 urgos
360 3806 385 3854 ε,-
405 3792 434 3844 at
452 3790 608 3859 theorgicos
627 3807 654 3856 s;
673 3790 708 3843 ad
727 3791 899 3858 theoricosp
990 3789 1095 3842 animae
1114 3789 1271 3858 spirituales
1290 3807 1416 3859 purgen-

259 3880 306 3931 tur
324 3897 343 3932 a
416 3880 449 3932 14
467 3881 495 3934 te
514 3880 612 3948 profit,
631 3882 660 3932 ta
678 3896 712 3933 m.
731 3883 751 3932 2
769 3895 829 3947 sup.
850 3879 945 3940 lim
1034 3878 1169 3946 profiteris
1189 3895 1206 3928 α
1281 3880 1313 3934 15
1334 3897 1416 3933 smo-

259 3983 347 4020 rems
448 3967 482 4021 18
510 3967 659 4037 theorgicis
677 3983 705 4033 s;
727 3967 856 4020 theoricis
871 3985 891 4036 p
989 3968 1022 4020 19
1051 3965 1172 4019 dicendis
1197 3969 1226 4019 et
1244 3966 1417 4024 leborsstie

261 4055 295 4108 20
324 4055 438 4125 uirtute]
468 4057 527 4108 tute
555 4072 568 4108 e
667 4055 699 4108 21
732 4058 848 4108 aninram
876 4064 951 4110 tuam
979 4071 1067 4124 neque
1095 4054 1166 4108 idern
1196 4072 1215 4108 α
1320 4073 1416 4126 nequo

262 4179 364 4232 idemb
451 4179 665 4233 residentum
757 4181 792 4233 24
812 4179 845 4232 ad
865 4179 1039 4233 nihilom.s¹
1128 4179 1163 4232 ‘26
1183 4155 1415 4252 beneinmarg.

261 4319 334 4370 nore,
354 4319 367 4356 e
