3136 4934
572 465 574 472 ι
640 437 667 489 S.
695 435 852 490 Aurelii
880 435 1097 504 Augustini

754 627 891 693 CAPUT
915 627 985 693 VII.

295 768 451 849 Quanto
494 769 818 836 excellentiores
856 769 1008 833 ceteris
1046 769 1083 834 In
1121 769 1266 854 logica,
1303 769 1341 836 id
1378 775 1434 835 est

343 876 543 941 rationali
565 875 844 960 philosophia,
868 875 1077 944 Platonici
1101 877 1185 942 sint
1207 876 1388 943 habendi.

338 1015 429 1096 Quod
454 1021 561 1082 eutem
585 1015 706 1082 adtinet
729 1016 769 1081 ad
793 1016 978 1094 doctrinam,
998 1016 1054 1086 nbi
1076 1021 1222 1082 uersatur
1240 1037 1312 1100 pars
1332 1018 1433 1090 altera,

292 1145 373 1208 quae
406 1125 444 1189 ab
478 1122 522 1190 eis
551 1125 665 1209 logica,
693 1124 726 1188 id
754 1127 804 1190 est
831 1124 1004 1202 retonans,
1033 1127 1181 1190 uocatur:
1214 1124 1300 1190 absit
1326 1128 1363 1188 nt
1387 1123 1470 1188 hisa
1534 1165 1535 1206 p

292 1231 480 1313 conparandi
519 1231 687 1296 uideantur
727 1231 782 1314 qui
823 1233 998 1312 posuerunt
1041 1230 1197 1296 iudicium
1229 1231 1374 1298 ueritatis
1404 1231 1432 1294 iu

292 1338 438 1406 sensibus
463 1338 602 1424 corporis
626 1355 796 1420 eommque
819 1335 924 1402 infidis
948 1341 981 1400 et
998 1336 1165 1402 fallacibus
1183 1338 1305 1422 segulla
1325 1337 1432 1407 omnia,
1534 1345 1535 1380 ³

1534 1223 1535 1256 l

1534 1287 1535 1320 l

291 1463 372 1528 quae
397 1444 572 1521 discuntur,
592 1444 751 1509 metienda
775 1463 845 1509 esse
870 1447 1070 1524 censuerunt,
1089 1446 1127 1508 nt
1145 1444 1291 1528 Epicurei
1316 1447 1349 1508 et
1370 1443 1432 1526 qui·

1534 1571 1535 1612 l

1534 1623 1535 1648 η

290 1569 426 1634 cumque
454 1551 510 1617 alii
535 1551 628 1629 tales,
652 1554 690 1616 ut
717 1551 812 1616 etiam
840 1551 902 1634 ipsi
926 1549 1035 1630 Stoici,
1060 1550 1212 1634 quicum
1234 1551 1433 1616 uehementer

290 1658 467 1722 emanarint
495 1657 669 1723 sollertiam
697 1657 890 1740 disputandi,
915 1676 1009 1740 qnam
1038 1656 1235 1722 dialecticam
1263 1657 1469 1731 nominante
1534 1671 1535 1732 j

290 1785 309 1828 a
327 1765 467 1848 co1porIs
487 1765 633 1830 sensibus
653 1783 722 1828 eam
743 1763 916 1828 ducendam
940 1767 1101 1847 putarunt,
1120 1762 1194 1828 hinc
1214 1763 1430 1828 adseuerantes
1534 1791 1535 1836 3

289 1870 431 1935 animum
468 1872 632 1954 concipere
669 1872 825 1941 notiones,
858 1889 936 1953 quas
975 1870 1143 1952 appellant
1168 1867 1294 1950 ἑννοίας,
1329 1890 1430 1936 earum

287 1997 392 2042 rerum
416 1979 541 2043 scilicet
564 1997 642 2062 quas
668 1977 842 2042 definiendo
863 1977 1031 2059 explicant3
1057 1976 1130 2041 hinc
1148 1977 1317 2061 propagari
1335 1977 1430 2060 adque
1534 1961 1535 2046 l

288 2085 411 2150 conecti
434 2089 534 2150 totam
558 2084 699 2150 discendi
723 2084 918 2166 docendique
940 2085 1105 2149 retinnem.
1129 2083 1192 2150 Ubi
1216 2102 1274 2168 ego
1298 2085 1429 2150 multum

287 2192 395 2256 mirari
428 2193 524 2271 soleo,
555 2211 626 2257 cum
658 2191 808 2274 pulchros
842 2191 949 2256 dicant
980 2209 1041 2255 non
1075 2210 1145 2256 esse
1172 2191 1235 2255 nisi
1262 2191 1428 2274 sapientes,
1445 2212 1466 2253 n

288 2298 404 2379 quibus
432 2297 579 2362 sensibus
607 2299 746 2381 corporis
774 2299 870 2364 istam
894 2298 1163 2382 pulchritudinem
1187 2297 1337 2374 uiderint,
1360 2316 1428 2380 qna·
1534 2309 1535 2394 p

286 2404 372 2469 libus
401 2404 502 2470 oculis
531 2406 632 2470 carnis
660 2405 792 2470 formam
821 2405 994 2488 sapIcntiae
1022 2404 1183 2488 decusque
1207 2405 1428 2488 conspexerint.

286 2509 329 2574 Hi
362 2530 448 2590 uero,
478 2529 558 2594 qnos
591 2513 703 2576 merito
737 2511 850 2576 ceteris
879 2511 1111 2593 anteponimus,
1140 2510 1360 2576 discrcuerunt
1385 2529 1427 2586 aa,

286 2635 367 2698 quae
390 2620 494 2682 mente
519 2617 767 2700 conspiciuntur,
792 2617 830 2682 ab
854 2617 914 2696 hle,
939 2635 1019 2702 quae
1042 2617 1189 2682 sensibus
1213 2617 1426 2701 attinguntur,

285 2743 343 2788 nec
358 2723 505 2788 sensibus
520 2723 695 2789 adimentes
711 2724 797 2807 quod
809 2727 954 2807 possunt,
971 2743 1029 2788 uec
1044 2725 1090 2788 eis
1110 2723 1220 2788 dautes
1239 2723 1426 2805 ultraquam
1442 2747 1464 2786 ao
1534 2739 1535 2818 p

285 2833 429 2912 possunt.
466 2830 586 2895 Lumen
620 2833 727 2896 autem
759 2831 915 2895 mentium
947 2849 1018 2896 esse
1046 2829 1191 2894 dixerunt
1218 2828 1258 2893 ad
1285 2827 1426 2894 discenda
1534 2839 1535 2878 1

285 2936 391 3000 omnia
414 2937 548 3001 eundem
571 2938 677 3019 ipsum
700 2937 814 3015 Deum,
839 2957 857 3002 a
881 2957 941 3020 quo
965 2937 1049 3002 lacta
1072 2940 1148 3002 sunt
1169 2935 1284 3000 omnia.

732 3127 868 3195 CAPUT
892 3129 978 3194 VIII.

284 3267 397 3346 Quod
426 3270 547 3334 ettam
571 3271 608 3334 in
634 3270 778 3336 morali
800 3273 1070 3354 philosophie
1092 3272 1304 3340 Platonici
1328 3272 1424 3338 obti-

638 3381 759 3442 neant
780 3379 1071 3462 principatum.
1439 3399 1461 3440 aa

328 3518 462 3600 Reliqua
494 3522 544 3584 est
575 3539 647 3601 pars
681 3521 821 3600 moralis,
851 3541 946 3603 quam
979 3519 1099 3586 Graeco
1132 3522 1289 3588 uocabulo
1322 3523 1425 3587 dicunt

282 3625 430 3700 ethicam,
454 3627 509 3690 ubi
533 3627 694 3708 quaeritur
716 3627 754 3691 de
779 3647 903 3692 summo
927 3629 1020 3706 bono,
1045 3648 1106 3712 qno
1130 3629 1301 3695 referentes
1325 3627 1424 3695 omnia

282 3751 362 3813 quae
386 3732 522 3815 agimus,
543 3736 575 3797 at
599 3733 683 3816 quod
707 3753 767 3799 non
786 3738 915 3818 propter
932 3735 1029 3813 aliud,
1050 3736 1105 3800 sed
1124 3741 1252 3819 propter
1270 3755 1303 3801 se
1323 3737 1422 3820 ipsum

317 3977 335 4030 4
354 3977 440 4029 altera
459 3993 520 4046 pars
539 3980 664 4030 uersatur
681 3993 697 4032 o
764 3977 781 4031 8
801 3977 940 4050 apicnlrei,
960 3995 974 4032 e
993 3995 1073 4042 erae..
1095 3979 1119 4033 C
1181 3981 1212 4033 11
1232 3981 1397 4051 putauerunt
1415 3977 1424 4031 l

282 4071 313 4120 δὲ
332 4069 458 4120 aetantes
477 4083 491 4119 a
564 4067 597 4119 12
616 4083 733 4120 ennoees
752 4067 829 4120 codd.
845 4073 959 4135 practer
970 4085 1007 4136 Pi
1025 4068 1117 4138 ydees,
1134 4070 1166 4122 aa
1183 4085 1270 4138 murp.
1290 4070 1324 4124 al.
1343 4085 1422 4123 enne·

283 4171 336 4218 eas,
352 4169 373 4222 p
439 4155 471 4208 13
491 4153 597 4208 sedicet
614 4155 733 4208 reruml
797 4157 831 4209 14
850 4172 946 4222 ergoe
1012 4158 1043 4211 15
1062 4163 1079 4211 n
1098 4156 1224 4212 dicente
1288 4159 1320 4212 19
1339 4157 1377 4212 eis
1395 4155 1422 4218 b‚·

280 4244 345 4296 iise
391 4241 641 4296 anadhimentesz
683 4244 854 4300 diethieam
877 4245 1424 4318 Oabfflelpqeclaf;ethiqued¹;

279 4329 415 4400 ᾗθικὴνυ
