3136 4928
260 449 327 513 508
606 445 634 500 S.
661 445 818 500 Aurelii
844 444 1064 516 Augustini

259 639 477 705 ministrorum
510 641 578 705 sola
609 640 708 704 uerba
739 643 923 717 sonuerunt,
951 659 1062 706 uerum
1095 639 1191 704 etiam
1228 639 1415 706 hominihus

259 747 321 812 Dei
352 748 448 813 uerbo
482 747 639 830 simplicis
671 746 800 829 pietatis
833 746 1001 831 agentibus
1034 746 1165 829 spiritus
1198 746 1349 812 inmundi
1378 747 1416 812 de

259 853 423 919 hominum
456 855 642 936 corporibus
676 873 712 918 ac
745 854 892 920 sensibus
923 853 1009 936 pulsi
1041 857 1126 931 eunt,
1155 852 1237 918 uitia
1270 855 1415 938 corporis

259 962 490 1044 languoresque
515 961 626 1038 sanati,
646 961 712 1025 fera
735 959 885 1024 animalia
906 963 1061 1024 terramm
1086 963 1118 1024 et
1140 979 1307 1042 aquarum,
1329 962 1418 1028 uola-

260 1067 332 1132 tilia
355 1069 444 1146 caeli,
463 1068 562 1152 ligna,
581 1067 748 1145 elementa,
769 1065 873 1132 sidera
891 1067 999 1130 diuina
1016 1067 1105 1132 iussa
1122 1066 1274 1144 iecerunt,
1293 1068 1419 1133 inferna
1445 1083 1457 1120 ⁶

260 1178 434 1251 cesserunt,
448 1177 567 1240 mortui
585 1169 780 1250 reuixeruntss
801 1173 940 1255 exceptis
959 1173 1061 1256 ipsius
1082 1171 1258 1238 sanatoris
1278 1175 1419 1257 propriis

261 1280 541 1364 singularibusque
564 1279 738 1358 miraculis,
758 1279 892 1344 maxime
915 1277 1093 1343 natiuitatis
1113 1281 1145 1343 et
1162 1280 1419 1359 resurrectionis,

262 1405 396 1468 quorum
423 1386 455 1450 in
485 1405 547 1451 uno
575 1390 735 1451 maternae
763 1385 959 1470 uirginitatis
988 1385 1209 1450 tantummodo
1239 1403 1419 1452 sacramen·

260 1495 341 1572 tum,
368 1493 402 1557 in
435 1493 534 1559 altero
567 1497 672 1558 autem
702 1493 798 1557 etiam
827 1511 946 1567 eorum,
975 1491 1028 1574 qui
1055 1491 1087 1555 in
1114 1490 1175 1556 tine
1202 1493 1415 1558 resurrecturi

262 1603 348 1678 sunt,
367 1599 598 1665 demonstrauit
622 1602 811 1683 exemplum.
835 1600 924 1664 Haec
946 1599 1001 1664 uia
1023 1600 1125 1664 totum
1146 1598 1307 1663 hominem
1327 1619 1457 1665 mun-1⁰

263 1705 318 1770 <iat
350 1710 381 1770 et
412 1705 635 1771 inmortalitati
673 1706 839 1772 mortalem
877 1725 913 1770 er
950 1705 1099 1770 omnibus
1136 1704 1253 1787 quibus
1293 1710 1420 1772 constat

264 1813 409 1894 partibus
433 1815 607 1896 praeparat.
646 1813 691 1878 Ut
714 1814 797 1878 enim
821 1831 884 1878 non
908 1812 970 1876 alia
991 1811 1138 1895 purgatio
1163 1812 1192 1875 ei
1214 1811 1299 1893 parti
1325 1833 1417 1894 qnae·

264 1924 515 2002 1·eretur,quam
543 1923 639 1986 uocat
665 1920 914 1986 intellectualem
936 1920 1141 2004 Porphyrius,
1166 1919 1228 1984 alia
1257 1919 1298 1998 ei,
1324 1940 1416 2003 quam

263 2030 359 2092 uocat
382 2026 568 2110 spiritalem,
594 2028 717 2110 aliaque
740 2028 803 2110 ipsi
827 2027 963 2111 corpori:
992 2029 1159 2110 propterea
1181 2029 1288 2091 totum
1312 2047 1417 2093 susce

263 2134 312 2217 pit
344 2133 569 2200 ueracissimae
602 2134 908 2217 potentissimusque
939 2133 1109 2198 mundator
1131 2131 1233 2215 adque
1262 2135 1414 2202 salrator.
1432 2151 1458 2192 re

262 2239 392 2304 Praeter
426 2240 508 2305 hanc
544 2239 642 2318 uiam,
680 2259 771 2322 quae,
803 2239 919 2321 partim
959 2257 1032 2303 cum
1069 2238 1147 2303 haec
1183 2238 1293 2303 lutura
1329 2258 1415 2321 prae-

263 2345 458 2423 nuntiantur,
491 2346 607 2428 partim
645 2365 718 2411 cum
755 2345 839 2410 facta
876 2347 1070 2424 nuntiantur,
1103 2363 1278 2426 numquam
1314 2347 1415 2430 generi

264 2452 400 2518 humano
438 2453 550 2532 defuit,
583 2471 674 2517 nemo
713 2452 866 2518 liberatus
905 2454 964 2531 est,
998 2470 1090 2517 nemo
1127 2452 1293 2532 liberatur,
1326 2471 1414 2517 nemo

264 2558 460 2624 liberabitur.

310 2663 403 2744 Quod
440 2667 548 2730 autem
580 2665 774 2748 Porphyrius
811 2663 1024 2729 uniuersalem
1062 2665 1148 2730 uiam
1187 2664 1311 2730 animae
1342 2665 1415 2731 libe
1432 2689 1458 2728 ao

263 2772 379 2836 candae
411 2771 550 2837 nondum
583 2772 614 2836 iu
648 2791 739 2836 suam
772 2771 919 2837 notitiam
948 2771 1106 2836 historiali
1133 2773 1315 2856 cognitione
1344 2773 1418 2838 dicit

265 2897 335 2942 esse
359 2877 529 2961 perlatam:
553 2877 630 2960 quid
653 2878 713 2942 hac
731 2877 865 2942 historia
884 2877 936 2942 uel
955 2876 1124 2942 inlustrius
1143 2876 1280 2942 inueniri
1300 2882 1417 2962 potest,

265 3003 345 3065 quae
373 2983 559 3049 uniuersum
589 2983 696 3048 orbern
723 2986 812 3048 tanto
841 2983 929 3065 apice
958 2983 1159 3049 auctoritatis
1187 2984 1339 3066 obtinuit,
1366 2987 1419 3050 uel

264 3090 403 3166 fidelius,
422 3090 455 3153 in
481 3109 544 3172 qua
564 3089 611 3155 ita
634 3091 800 3154 narrantur
822 3090 1002 3172 praeterita,
1022 3093 1058 3154 ut
1080 3090 1190 3155 futura
1213 3091 1310 3156 etiam
1334 3111 1418 3175 prae·

265 3197 420 3274 dicantur,
444 3215 577 3279 quorum
607 3197 708 3260 multa
736 3197 882 3261 uidemus
914 3197 1044 3279 inpleta,
1074 3216 1110 3262 ex
1137 3197 1254 3279 quibus
1279 3217 1316 3264 ea
1341 3217 1417 3282 quae
1433 3221 1458 3262 u

266 3305 388 3368 restant
403 3302 471 3367 sine
495 3303 591 3367 dubio
611 3322 775 3386 speremus
794 3301 961 3387 inplenda?
976 3301 1047 3368 Non
1062 3303 1146 3368 enim
1159 3306 1268 3386 potest
1279 3303 1418 3390 Porphy-

264 3410 332 3474 rius
350 3410 404 3473 uel
418 3410 611 3492 quicumque
626 3409 784 3475 Platonici
800 3410 896 3474 etiam
911 3410 942 3474 in
962 3409 1022 3474 hac
1040 3409 1094 3474 uia
1113 3411 1205 3493 qnasi
1222 3414 1417 3476 terrenarum

265 3535 369 3580 rerum
393 3519 426 3579 at
449 3516 489 3580 ad
513 3517 612 3580 uitam
635 3517 731 3582 istam
750 3516 916 3582 mortalem
939 3517 1165 3599 pertinentium
1190 3516 1416 3584 diuinationem

266 3622 576 3706 praedictionemque
610 3627 820 3702 contemnere,
848 3623 932 3706 quod
964 3624 1077 3688 merito
1106 3625 1138 3688 in
1166 3623 1238 3688 aliis
1267 3625 1417 3690 uaticina-

266 3729 409 3794 tionibus
442 3733 474 3794 at
507 3730 722 3812 quorumlibet
749 3732 915 3796 modorum
943 3731 996 3796 uel
1024 3730 1139 3796 artium
1168 3729 1416 3796 diuinationibus
1432 3755 1457 3796 a

266 3836 397 3902 faciunt.
421 3836 547 3922 Negant
570 3837 653 3901 enim
677 3837 755 3902 haec
779 3838 832 3902 uel
849 3857 1036 3921 magnorum
1056 3836 1221 3902 hominum
1239 3839 1295 3904 uel
1314 3837 1416 3923 magni

303 4089 319 4142 3
337 4087 411 4157 pulsi
430 4093 503 4153 snut,
523 4088 604 4158 uitia]
624 4089 710 4159 pulsis
729 4089 757 4142 in
777 4091 846 4142 uitia
863 4106 877 4143 e
948 4088 965 4142 8
984 4089 1013 4142 iu
1032 4101 1179 4158 quorumv
1253 4089 1288 4144 10
1307 4088 1416 4142 mundat

267 4180 296 4230 et
319 4177 498 4231 immortalem
519 4178 564 4232 ab
657 4179 689 4232 16
715 4180 970 4248 praenuntiarentur
989 4193 1008 4230 a
1099 4176 1132 4231 18
1160 4176 1250 4230 defuit
1268 4178 1414 4232 humanos

269 4267 304 4318 22
322 4265 422 4319 haece
477 4267 510 4319 24
529 4265 720 4335 praedicentur
739 4267 783 4320 ab
838 4267 873 4320 28
892 4267 973 4320 istam
992 4267 1137 4320 nitamur
1190 4265 1225 4319 29
1245 4266 1412 4320 uaticinatio-

268 4352 349 4405 uibus
368 4352 473 4420 bpao;
490 4353 704 4407 uaticinantibus
725 4354 786 4408 acl
805 4355 904 4409 Donat.
