3072 4928
317 433 369 488 De
398 433 572 486 ciuitate
601 431 662 485 dei
689 429 755 484 lib.
783 429 834 486 lIl.
864 447 938 500 cap.
967 431 991 484 9.
1021 429 1061 482 10.
1207 431 1270 494 119

115 631 196 694 sunt
223 631 374 712 regnante
397 625 513 703 Numa,
538 628 569 690 et
591 627 705 709 postea
727 625 826 689 saeris
849 623 1006 688 institutis
1037 622 1152 706 disque
1179 623 1270 706 ipsis,

115 735 173 818 qui
212 733 331 799 eisdem
371 732 468 797 seems
507 733 631 796 luerent
666 731 804 808 inuitati,
837 731 899 795 iam
937 729 1135 812 praesidibus
1169 729 1270 812 adque

115 841 284 906 tutoribus
312 840 365 906 uix
392 841 466 923 post
488 842 554 902 tarn
578 837 699 902 multos
723 855 822 902 annos
847 837 885 902 ab
910 837 993 902 Urbe
1018 836 1144 902 condite
1169 855 1270 918 usque

116 947 157 1012 ad
176 947 365 1031 Augustum
388 964 444 1029 pro
468 963 583 1028 magno
607 945 759 1009 miraculo
784 963 866 1008 unus
886 946 1152 1009 commemoratur
1170 961 1270 1007 annus

82 1055 194 1136 apost
230 1054 368 1137 primum
409 1050 530 1116 bellum
567 1051 734 1128 Punieum,
773 1069 834 1133 quo
876 1051 952 1115 belli
992 1053 1099 1133 portas
1136 1049 1269 1116 Romani

116 1147 267 1226 claudere
289 1161 482 1242 potuerunt?

599 1348 735 1416 CAPUT
758 1349 796 1412 X.

116 1495 173 1557 An
194 1491 413 1575 optandum
433 1489 570 1568 fuerit,
586 1493 630 1554 nt
649 1492 764 1553 tenta
782 1489 986 1554 bellorum
1005 1488 1115 1554 rabie
1135 1489 1269 1554 Roma·

116 1619 206 1664 nrum
234 1601 453 1682 augeretur
479 1596 703 1678 imperium,
728 1615 814 1660 oum
843 1615 885 1660 eo
916 1597 1065 1675 studio,
1090 1615 1165 1679 quo
1195 1597 1268 1661 sub

70 1737 95 1774 ιο
156 1707 286 1771 Numa
309 1709 442 1770 aetum
466 1707 538 1782 est,
562 1707 600 1767 et
624 1704 808 1786 quietum
833 1721 923 1768 esse
947 1703 1161 1786 potuisset
1185 1706 1225 1767 et

622 1813 766 1875 tutum.

160 1953 211 2020 An
240 1954 442 2038 respondent,
467 1953 551 2037 quod
579 1953 640 2018 nisi
669 1953 810 2018 adsiduis
840 1953 963 2035 sibique
988 1953 1137 2019 continuo
1162 1969 1270 2018 suece-

116 2061 270 2126 dentibus
298 2060 393 2125 bellie
421 2061 597 2125 Romanum
626 2059 796 2142 imperium
823 2063 888 2125 tam
922 2060 1016 2144 longe
1048 2060 1175 2142 lateque
1207 2077 1269 2123 non

115 2173 229 2250 posset
258 2167 369 2252 augeri
398 2171 430 2232 et
458 2169 524 2232 tam
552 2167 661 2252 mandi
695 2167 796 2250 gloria
829 2167 1004 2232 diffamari?
1044 2167 1163 2231 Idonea
1192 2185 1269 2231 uero

72 2303 98 2344 1⁵
116 2277 229 2340 cansa!
255 2273 301 2339 Ut
323 2293 475 2359 magnum
499 2279 585 2339 esset
607 2274 888 2358 imperiumquae
914 2293 984 2338 esse
1004 2273 1132 2338 deberet
1149 2272 1270 2354 inquie-

115 2385 209 2446 tum?
256 2380 369 2446 Nonne
401 2381 433 2444 in
467 2381 650 2464 corporibus
683 2380 846 2445 bominum
885 2381 986 2446 satius
1025 2383 1074 2445 est
1112 2377 1269 2444 modicam

116 2491 277 2552 staturam
301 2505 373 2551 eum
399 2487 533 2552 sanitate
556 2487 671 2552 habere
691 2506 786 2570 quam
810 2487 849 2552 ad
867 2486 985 2552 molem
1005 2487 1143 2569 aliquam
1162 2485 1270 2570 gigan·

114 2599 203 2658 team
232 2593 393 2676 perpetuis
427 2591 661 2658 adflictionibns
694 2593 866 2676 peruenire,
895 2613 953 2659 nea
985 2613 1058 2660 oum
1089 2591 1269 2678 perueneris

114 2700 326 2784 requiescere,
346 2699 401 2765 sed
426 2703 542 2782 quanto
566 2700 787 2786 grandioribus
806 2701 967 2780 membris,
987 2702 1077 2765 tanto
1096 2698 1269 2765 maioribus

70 2839 95 2880 20
115 2806 235 2891 agitari
254 2805 369 2870 malis?
394 2803 478 2883 Quid
496 2809 603 2871 autem
622 2807 697 2870 meli
718 2808 813 2883 esset,
834 2825 869 2870 ao
889 2825 948 2870 non
968 2805 1076 2889 potius
1095 2805 1268 2888 plurimum

114 2914 204 2989 boni,
232 2911 262 2977 si
290 2931 327 2976 ea
354 2915 497 2994 tempora
523 2913 737 2996 perdurarent,
767 2931 846 2996 quae
874 2912 1057 2996 perstrinxit
1085 2911 1268 2986 Sallustius,

115 3021 172 3085 ubi
204 3020 263 3084 ait:
288 3018 402 3103 ‘Igitur
429 3018 518 3084 initio
547 3039 639 3104 reges
662 3021 748 3104 (nem
777 3021 808 3084 in
836 3021 927 3085 terris
951 3038 1064 3084 nornen
1088 3015 1213 3100 imperii
1235 3015 1269 3080 id

113 3127 258 3210 primum
285 3124 361 3210 fuit)
390 3125 507 3190 diuersi
535 3145 607 3210 pars
635 3126 809 3212 ingenium,
838 3126 893 3190 alii
921 3145 1036 3210 eorpus
1069 3124 1267 3198 exercebant;

114 3233 286 3298 etiamtum
309 3231 378 3296 uite
401 3231 565 3296 bominum
586 3232 652 3297 sine
673 3233 847 3315 eupiditate
867 3232 1057 3316 agitabatur,
1077 3251 1136 3298 sna
1154 3231 1268 3313 cuique

71 3374 94 3413 a
114 3339 196 3404 satis
211 3336 400 3422 placebant.
421 3339 468 3402 An
483 3341 520 3402 ut
534 3341 599 3402 tam
620 3339 757 3403 multum
777 3341 945 3424 augeretur
963 3339 1143 3422 imperium,
1160 3337 1270 3402 debuit

114 3445 184 3510 fieri
209 3443 296 3528 quod
315 3443 477 3528 Vergilius
502 3444 687 3522 detestatur,
712 3445 833 3510 dioens:

205 3572 341 3631 Deterior
364 3573 455 3632 donee
479 3573 619 3648 paulatim
644 3577 672 3632 et
696 3575 813 3634 decolor
836 3577 916 3632 aetas

205 3663 244 3720 Et
266 3661 336 3720 belli
359 3663 455 3721 rabies
479 3666 508 3721 et
530 3679 610 3722 amor
633 3663 774 3723 successit
796 3663 942 3723 habendi?

206 3893 240 3948 22
260 3891 320 3948 eae.
340 3893 357 3948 a
428 3893 462 3946 ar
481 3891 548 3952 oen.
568 3893 644 3958 vm,
664 3893 716 3948 aaa
736 3911 775 3964 sq.

148 4069 501 4137 4unusprom.mir.o
591 4069 747 4125 5uelliL
837 4070 1020 4140 8uthq,·
1043 4068 1266 4138 quodoDomb.

114 4173 255 4210 romanam
282 4155 371 4226 01η,-
397 4157 578 4212 Romanorum
601 4158 735 4214 oDomb.
829 4160 862 4214 1o
891 4163 980 4214 aetum
1002 4159 1036 4225 C;
1064 4163 1173 4212 suetum
1193 4173 1267 4226 ppo

114 4245 213 4315 Domb,
272 4245 551 4300 reordinationibus
571 4245 623 4302 dd
679 4247 711 4300 19
731 4247 935 4316 grauioribuse
989 4245 1267 4316 supersuturam

115 4334 294 4404 praestrinxit
315 4332 339 4386 0
391 4335 424 4388 27
445 4337 473 4388 et
491 4333 602 4403 12212,-
620 4351 652 4390 eo
674 4335 741 4390 Orl²
758 4337 852 4390 rullo
