3108 4926
275 433 340 497 348
613 429 641 483 S.
668 427 824 483 Aurelii
852 427 1069 498 Augustini

274 641 330 704 per
362 620 516 704 quosdam
547 620 724 685 nescientes
756 619 799 696 id,
828 617 913 702 quod
940 637 976 684 er
1004 618 1144 684 aduentu
1172 617 1293 684 Christi
1320 639 1423 704 usque

273 747 357 794 nuno
376 730 409 794 et
426 728 574 810 deinceps
594 726 709 810 agitur,
728 725 1001 808 praenuntiaretur
1019 745 1089 790 esse
1108 731 1294 802 uenturum
1315 745 1424 810 sparsa
1536 727 1537 778 i

275 835 371 900 etiem
399 837 511 920 postea
543 833 653 899 eadem
686 837 780 918 geute
812 853 870 916 per
901 834 1010 918 gentes
1042 835 1170 916 propter
1200 833 1421 898 testimonium

273 941 512 1026 seripturarum,
532 939 648 1023 quibus
673 943 799 1005 aeterua
822 939 909 1004 salus
932 940 964 1004 in
985 938 1110 1005 Christo
1135 939 1243 1005 futura
1260 940 1423 1022 praedicta

275 1052 333 1114 est.
364 1047 480 1113 Omnes
505 1048 589 1113 onim
611 1067 672 1112 non
698 1047 802 1113 solum
825 1047 1019 1131 prophetiae,
1044 1046 1179 1128 quaein
1203 1046 1312 1112 uerbis
1336 1049 1453 1124 sunta

273 1173 330 1219 uec
359 1157 484 1218 tautum
511 1157 681 1238 praecepta
710 1153 805 1231 uitae,
830 1172 910 1237 quae
933 1171 1037 1217 mores
1060 1153 1275 1236 pietatemque
1301 1153 1420 1218 confor-

273 1263 362 1324 mant
384 1260 486 1343 adque
505 1259 569 1324 iliis
588 1258 705 1324 litteris
725 1259 933 1335 continentur,
953 1277 1065 1324 uerum
1085 1258 1181 1323 etiam
1200 1275 1299 1336 sacra,
1321 1277 1421 1324 sacer·

273 1361 369 1444 dotia,
384 1365 624 1430 tabernaculum
640 1365 708 1431 siue
720 1367 886 1448 templum,
902 1364 1022 1442 altaria,
1038 1363 1202 1442 sacrificia,
1217 1364 1422 1444 ceremoniae,

273 1471 340 1536 dios
364 1473 438 1537 festi
462 1475 495 1538 et
517 1472 671 1556 quidquid
696 1472 782 1538 aliud
806 1472 845 1537 ad
870 1491 938 1537 eam
961 1471 1147 1537 seruitutem
1172 1471 1321 1553 pertinet,
1341 1491 1421 1556 quae
1538 1501 1539 1534 1

272 1575 339 1642 Deo
369 1577 502 1666 debetur
529 1581 562 1643 et
585 1577 703 1644 Graece
731 1579 856 1663 proprie
880 1573 1004 1663 λατρεία
1027 1577 1152 1655 dicitur,
1181 1595 1216 1641 ea
1243 1578 1422 1662 significata
1439 1603 1461 1641 n

273 1685 303 1748 et
335 1685 556 1767 praenuntiata
583 1688 669 1763 sunt,
698 1704 778 1768 quac
805 1687 934 1769 propter
961 1688 1120 1750 aeternam
1148 1684 1248 1748 uitam
1277 1684 1419 1750 fidelium
1539 1716 1540 1788 p

271 1789 303 1854 in
324 1789 449 1856 Christo
474 1794 507 1857 et
528 1791 648 1873 inpleta
671 1792 828 1857 credimus
853 1795 885 1856 et
907 1791 1021 1874 inpleri
1045 1791 1202 1856 cemimus
1223 1794 1255 1856 et
1273 1792 1421 1875 inplenda
1539 1795 1540 1808 ¹

273 1897 470 1964 confidimus.

691 2089 827 2156 carus
850 2090 997 2156 uxum.

272 2229 384 2310 Quod
420 2250 490 2314 per
526 2233 655 2298 solam
694 2231 972 2297 Christianam
1013 2233 1258 2319 religionem
1302 2233 1457 2299 mani-n

271 2339 419 2406 iestari
456 2339 644 2422 potuerit
680 2339 850 2404 fallacia
888 2339 1110 2424 spirituum
1144 2338 1415 2424 malignorum

477 2445 523 2512 de
545 2445 748 2511 hominum
775 2465 909 2510 errore
933 2445 1208 2531 gaudentium.
1541 2450 1542 2504 i

316 2587 376 2652 Per
406 2587 486 2652 hauc
519 2607 593 2671 ergo
625 2587 810 2672 religionem
843 2608 936 2654 unam
971 2593 1004 2654 et
1035 2607 1142 2654 ueram
1171 2588 1278 2672 potuit
1304 2587 1417 2670 aperiri

271 2693 347 2758 deos
371 2694 515 2778 gentium
539 2713 609 2759 esse
632 2694 895 2760 inmundissimos
919 2695 1098 2770 daemones,
1118 2695 1177 2760 sub
1196 2695 1417 2760 defunctarum

270 2800 491 2866 occasionibus
520 2800 694 2866 animarum
723 2801 776 2865 uel
804 2804 1017 2866 creaturarum
1051 2801 1156 2886 specie
1187 2800 1457 2867 mundanarumso

270 2907 347 2972 deos
372 2926 405 2972 se
429 2907 533 2990 putari
557 2907 721 2991 cupientes
746 2910 778 2972 et
796 2907 887 2990 quasi
906 2907 1022 2973 diuinis
1042 2909 1213 2974 honoribus
1233 2907 1417 2990 eisdemque

270 3012 415 3078 scelestis
440 3033 476 3078 ac
499 3012 645 3096 turpibus
668 3013 763 3078 rebus
788 3013 925 3097 superba
946 3013 1117 3098 inpuritate
1135 3016 1291 3079 laetantes
1315 3011 1418 3095 adque

269 3119 309 3184 ad
333 3139 444 3186 uerum
468 3120 571 3185 Deum
596 3121 833 3186 conuersionem
858 3121 1004 3186 humanis
1024 3122 1136 3186 animis
1156 3121 1349 3186 incidentes.
1373 3119 1416 3184 ux

270 3245 406 3308 quorum
432 3225 651 3292 inmanissime
676 3230 709 3292 et
731 3227 910 3310 inpiissime
940 3227 1104 3294 dominatu
1130 3229 1225 3292 homo
1253 3225 1416 3304 liberatur,

269 3349 342 3395 cum
379 3332 494 3416 credit·
514 3333 547 3398 iu
584 3352 668 3412 eum,
702 3333 757 3415 qui
793 3333 939 3414 praebuit
971 3334 1010 3398 ad
1045 3333 1277 3418 exsurgendum
1310 3334 1456 3396 tantaene

268 3437 462 3502 humilitatis
491 3440 679 3522 exemplum,
703 3444 821 3523 quauta
852 3441 901 3505 illi
930 3440 1077 3524 superbia
1105 3440 1295 3506 ceciderunt.
1335 3439 1415 3504 Hinc

271 3546 347 3608 sunt
378 3563 439 3609 nou
473 3546 577 3610 solum
605 3545 663 3624 ilii,
693 3546 730 3611 de
759 3547 876 3627 quibus
904 3549 1007 3611 multa
1033 3547 1095 3611 iem
1125 3546 1272 3623 diximus,
1303 3545 1415 3611 etalii

268 3649 370 3734 adque
403 3651 457 3716 aiii
490 3652 610 3716 similes
644 3657 819 3718 ceterarum
852 3654 995 3738 gentium
1028 3653 1128 3736 adque
1161 3659 1327 3730 terrarum,
1361 3650 1414 3716 sed

305 3856 456 3910 laduento
479 3856 512 3910 0¹
580 3857 739 3928 5profltiae
762 3857 795 3912 0²
863 3856 1102 3914 deontirmantO
1164 3859 1353 3914 'isacerdotia
1374 3859 1413 3922 θ’,

267 3928 426 4027 ὲαοετὰοΐέα
443 3969 477 4026 6⁰
533 3974 565 4028 10
584 3973 666 4028 latria
680 3973 758 4028 codd.
832 3972 987 4042 significata
1005 3975 1033 4027 et
1051 3973 1242 4043 praenuntiata
1258 3980 1322 4030 sunt
1337 3975 1412 4032 codd-

261 4066 376 4132 praeter
393 4079 424 4130 q‚·
442 4060 665 4130 significuuerunt
684 4065 712 4115 et
730 4063 992 4132 praenuntiaremnt
1010 4077 1051 4130 pc
1140 4062 1176 4116 20
1201 4063 1383 4120 occisionibus
1400 4081 1413 4118 e

266 4148 770 4220 uelereatursrumm.1mp.lic.0
822 4151 855 4205 23
876 4151 1107 4205 conuersationem
1125 4149 1240 4214 eabe
1310 4154 1412 4216 animis,

266 4253 335 4292 corr.
355 4253 387 4290 ecc
404 4235 564 4300 hominise
636 4239 1168 4309 acecinpiissinom.1ocp.zin.0
1248 4241 1282 4296 25
1303 4241 1338 4296 ad
1356 4259 1412 4297 sur·

268 4323 425 4394 gendumd
478 4327 511 4380 27
532 4326 584 4380 iarn
603 4327 767 4396 scaptiae
