3072 4930
345 402 396 456 De
426 403 601 458 ciuitate
630 405 691 459 dei
719 405 783 465 lib.
812 406 844 460 V.
874 423 950 480 cap.
978 409 1021 463 26.
1189 412 1254 478 265

110 599 277 680 potestate.
301 596 385 677 Quid
403 600 510 662 autem
530 597 591 663 fuit
611 599 679 666 eius
698 600 848 684 religiosa
866 602 1048 668 humilitate
1068 603 1254 683 mirabilius,

109 702 233 784 quando
265 703 296 767 in
329 703 660 771 Thessalonicensium
693 706 920 792 grauissimum
953 709 1069 787 scelus,
1103 710 1154 776 cui
1190 711 1254 775 iem

109 809 266 891 episcopis
302 810 568 877 intercedentibus
605 813 793 896 promiserat
832 813 1073 899 indulgentiam,
1111 816 1254 882 tumultu
1307 887 1308 892 ἵ

110 915 315 996 quorundam,
344 917 398 1000 qni
431 917 460 982 ei
493 918 711 996 cohaerebant,
740 919 901 986 uindicare
934 921 1108 1004 conpulsus
1141 927 1190 988 est
1223 927 1255 988 et

83 1021 325 1089 eccelesiastioa
357 1024 534 1089 cohercitus
567 1025 735 1107 disciplina
767 1027 813 1090 sic
847 1027 913 1112 egit
949 1027 1184 1112 paenitentiam,
1217 1033 1255 1094 ut

55 1141 60 1150 ·
109 1127 342 1210 imperatoriam
365 1130 587 1196 celsitudinem
610 1151 666 1214 pro
690 1131 746 1196 illo
769 1134 908 1216 populus
932 1153 1024 1199 crans
1043 1135 1145 1220 magis
1165 1135 1255 1200 fleret

110 1233 243 1300 uidendo
267 1239 468 1318 prostratam,
492 1257 588 1320 quam
610 1238 767 1321 peccando
787 1241 914 1304 timeret
932 1241 1065 1306 iratam?
1092 1242 1180 1307 Haec
1199 1241 1254 1306 ille

110 1359 216 1404 secum
248 1346 281 1407 et
312 1343 340 1407 si
372 1361 436 1425 qua
467 1344 594 1422 similia,
627 1363 708 1427 quae
741 1363 986 1412 commemorare
1023 1348 1154 1432 lengum
1192 1353 1252 1424 est,

110 1446 186 1512 bona
215 1468 309 1532 opera
335 1449 413 1516 tulit
434 1471 470 1515 ex
492 1450 555 1516 isto
578 1451 746 1534 temporali
770 1470 887 1534 uapore
911 1453 1082 1520 cuiuslibet
1106 1455 1253 1520 culminis

2 1583 3 1641 j
70 1581 93 1618 ιο
111 1559 141 1620 et
166 1555 373 1622 sublimitatis
395 1557 565 1635 humanam
595 1577 729 1641 quorum
754 1577 884 1642 opernm
908 1578 1028 1624 merces
1053 1563 1103 1624 est
1126 1565 1253 1626 aeterna

2 1671 3 1740 t
111 1662 254 1741 felicitas,
274 1663 367 1728 euius
386 1663 477 1728 detor
499 1667 549 1728 est
566 1663 653 1729 Deus
678 1663 755 1730 solis
775 1664 931 1730 ueraciter
948 1665 1021 1748 piis.
1047 1665 1159 1732 Cetera
1176 1685 1252 1732 uero

112 1769 192 1834 uitae
219 1769 316 1834 huius
345 1770 396 1834 uel
425 1769 555 1853 lastigie
582 1771 634 1834 nel
663 1768 816 1849 subsidia,
845 1770 930 1835 sicut
961 1769 1067 1854 ipsum
1099 1771 1253 1836 mundum

2 1849 3 1890 ¹
111 1875 210 1940 lucem
239 1895 342 1956 auras,
366 1879 465 1940 terres
493 1895 590 1958 equas
618 1875 742 1940 fructus
766 1876 932 1959 ipsiusque
955 1877 1092 1942 hominis
1116 1879 1252 1942 animam

112 2001 231 2064 corpus,
265 2001 379 2046 sensus
412 1985 551 2048 mentem
583 1983 695 2058 uitam,
727 1982 818 2048 bonis
851 1982 1007 2064 malisque
1038 1984 1187 2068 largitum
1220 1984 1253 2050 in

68 2113 93 2154 rs
113 2089 222 2171 quibus
260 2095 309 2154 est
346 2089 442 2154 etiem
479 2089 640 2172 quaelibet
676 2089 799 2172 imperii
835 2089 1032 2174 magnitudo,
1065 2110 1160 2174 quam
1196 2111 1252 2174 pro

111 2206 285 2279 temporum
309 2195 534 2280 gubernatione
558 2195 731 2278 dispenset.

151 2302 284 2366 Proinde
307 2303 370 2366 iem
394 2302 490 2366 etiem
513 2301 577 2366 illis
596 2301 848 2385 respondendum
869 2321 938 2367 esse
957 2301 1062 2379 uideo,
1082 2301 1136 2387 qui
1155 2304 1253 2368 mani-

112 2407 289 2474 festissimis
318 2409 529 2485 documentis,
554 2409 668 2491 quibus
698 2408 885 2486 ostenditur,
910 2409 994 2492 qued
1022 2408 1062 2474 ed
1088 2409 1152 2474 ista
1173 2415 1253 2476 tem·

112 2515 236 2597 penalia,
265 2535 345 2598 quae
374 2517 442 2580 sola
471 2515 562 2581 stulti
595 2514 709 2579 habere
742 2515 981 2598 concupiscunt,
1009 2515 1089 2580 nihil
1122 2516 1251 2580 deorum

68 2647 95 2690 eo
112 2621 259 2686 falsomm
282 2623 494 2687 numerositas
517 2620 628 2703 prosit,
649 2620 803 2684 confutati
822 2620 925 2704 adque
943 2622 1082 2686 conuicti
1102 2626 1256 2687 conantur

111 2727 248 2793 adserere
271 2747 333 2794 non
361 2732 489 2811 propter
515 2728 601 2794 uitae
628 2726 802 2810 praesentis
831 2727 1013 2806 utilitatem,
1042 2728 1099 2793 sed
1127 2733 1256 2813 propter

110 2854 186 2912 eam,
210 2855 290 2919 quae
314 2837 545 2918 postmortem
568 2834 676 2899 futura
699 2837 759 2913 est,
784 2833 932 2898 colendos
957 2833 1043 2899 deos.
1067 2833 1252 2914 Numisiis,

110 2943 161 3022 qni
182 2945 312 3024 propter
334 2941 492 3007 amicitias
514 2940 625 3006 mundi
648 2941 744 3006 buius
769 2941 882 3005 uolunt
904 2960 986 3006 uana
1009 2941 1113 3006 colere
1138 2946 1170 3006 et
1192 2961 1253 3007 non

110 3067 141 3112 se
173 3049 314 3132 permitti
350 3049 527 3131 puerilibus
565 3048 712 3114 sensibus
750 3051 994 3130 conqueruntur,
1026 3048 1077 3113 liis
1114 3048 1254 3131 quinque

70 3155 194 3220 selibris
218 3157 298 3221 satis
321 3155 454 3220 arbitrer
477 3167 556 3220 esse
570 3174 769 3238 responsum.
794 3153 936 3234 Quorum
955 3158 1020 3220 tres
1039 3155 1159 3238 priores
1180 3174 1253 3220 oum

109 3262 276 3328 edidissem
306 3266 339 3328 et
369 3263 401 3328 in
433 3261 606 3328 multorum
641 3262 787 3327 menibus
821 3281 891 3328 esee
925 3261 1114 3344 coepissent,
1143 3260 1253 3325 andini

109 3370 261 3452 quosdam
287 3371 393 3435 nescio
423 3389 518 3453 quem
546 3368 698 3433 aduersus
730 3387 784 3434 eos
816 3368 1053 3450 responsionem
1088 3367 1252 3432 scribendo

108 3495 300 3559 praeparere.
324 3475 445 3542 Deinde
469 3476 508 3540 ad
531 3493 581 3540 me
604 3476 762 3559 perlatum
787 3481 845 3548 est,
867 3474 951 3557 qnod
973 3474 1036 3538 iem
1057 3474 1251 3557 scripserint,

108 3583 161 3647 sed
189 3587 317 3664 tempus
347 3585 508 3664 quaerant,
532 3601 594 3665 quo
619 3581 686 3646 sine
710 3581 851 3664 periculo
875 3580 1002 3663 possint
1025 3580 1126 3647 edere.
1165 3579 1252 3660 Quos

69 3689 268 3764 readmoneo,
292 3708 353 3753 non
382 3691 491 3772 optent
519 3688 603 3771 qnod
631 3687 676 3753 eis
705 3708 766 3754 nou
791 3687 924 3770 expedit.
964 3687 1070 3752 Facile
1094 3691 1144 3751 est
1168 3687 1251 3751 enim

108 3797 253 3879 cuiquam
272 3795 374 3860 uideri
395 3795 608 3879 respondisse,
633 3795 687 3878 qui
710 3799 815 3858 tacere
838 3793 984 3858 noluerit.
1013 3796 1079 3858 Ant
1103 3793 1178 3876 quid
1203 3797 1252 3857 est

139 3998 219 4050 rese
237 4011 288 4052 om
310 3996 356 4050 Oe
417 3993 801 4100 5dislciplinacoerc1tus0
872 3993 1023 4048 cohercitae
1046 3987 1109 4046 C¹d
1175 3993 1251 4045 ite·

108 4117 190 4166 meret
211 4111 245 4166 0¹
303 4111 335 4166 18
355 4110 544 4166 documentC
597 4111 629 4164 te
649 4110 732 4165 solie
804 4109 1005 4180 conpiscuntd
1070 4107 1251 4164 sciurorum

108 4229 196 4282 oneri
253 4228 285 4282 21
307 4227 409 4282 aserere
427 4227 462 4281 Δ1
552 4227 655 4296 pterC
709 4227 743 4280 22
762 4229 955 4296 postmortem
974 4240 1025 4279 om.
1046 4224 1075 4275 a*
1136 4225 1171 4278 24
1189 4241 1251 4278 sen-

107 4317 179 4370 sibus
198 4333 249 4372 em.
273 4315 306 4370 0¹
360 4317 394 4370 25
413 4316 515 4386 priores
535 4331 586 4370 om.
607 4315 634 4366 οι1
708 4317 830 4385 quumd
885 4315 920 4370 30
939 4329 1079 4368 ammoneo
1099 4313 1147 4368 Ab
