3108 4926
284 435 349 498 342
639 431 665 485 S.
693 430 850 484 Aurelii
876 428 1093 498 Augustini

285 627 423 692 salutem
452 646 508 692 nec
533 626 630 691 decus
654 626 827 690 humanum
852 642 966 710 corpus
991 627 1046 691 aut
1069 624 1173 689 anima
1197 623 1328 690 colentis
1351 625 1419 688 obti-

286 735 371 798 ncat!
397 733 499 813 Quam
523 733 652 797 obrem
677 733 705 798 si
728 735 848 816 templo
872 733 1035 798 sacerdote
1059 731 1225 805 sacrificio,
1251 729 1332 812 quod
1353 747 1417 794 uero

285 841 352 906 Deo
382 839 525 920 debetur,
554 841 677 906 colatur
704 839 832 923 aliquod
860 840 1053 905 elementum
1081 837 1191 902 mundi
1224 839 1277 902 uel
1309 839 1418 901 creatus

286 945 401 1028 aliquis
430 946 572 1028 spiritus,
601 945 726 1011 etiamsi
762 965 822 1011 non
851 946 1021 1010 inmundus
1051 947 1083 1010 et
1115 945 1234 1009 malus:
1270 963 1328 1008 non
1357 941 1418 1009 ideo

287 1053 406 1116 malum
432 1054 491 1129 est,
516 1053 590 1134 quia
612 1052 669 1117 illa
691 1054 776 1117 mala
800 1055 884 1126 sunt,
910 1051 1026 1135 quibus
1050 1049 1177 1129 colitur,
1203 1050 1259 1114 sed
1283 1049 1352 1132 quis
1372 1048 1419 1111 illa
1443 1072 1453 1110 s

286 1158 364 1222 talia
387 1161 472 1232 sunt,
492 1157 609 1240 quibus
633 1157 687 1222 illa
712 1160 799 1223 solus
825 1158 975 1224 colendus
1000 1159 1052 1240 sit,
1073 1157 1125 1223 cui
1147 1157 1221 1222 talis
1246 1157 1349 1222 cultus
1366 1174 1419 1219 ser·
1525 1139 1526 1222 s

286 1264 437 1347 uitusque
460 1264 601 1330 debetur.
627 1263 661 1330 si
685 1265 790 1330 autem
815 1265 990 1330 stoliditate
1009 1265 1062 1329 uel
1080 1264 1318 1330 monstrositate
1337 1262 1420 1326 simu·
1525 1315 1526 1322 ,

286 1371 453 1448 locrorum,
474 1370 638 1436 sacrificiis
657 1371 911 1450 homicidiorum,
932 1371 1133 1437 coronatione
1152 1369 1294 1435 uirilium
1316 1368 1421 1452 puden·

287 1477 410 1555 dorum,
438 1478 582 1542 mercede
612 1481 805 1561 stuprorum,
835 1479 974 1543 sectione
1005 1477 1230 1554 membrorum,
1260 1475 1421 1541 abscisione

288 1582 486 1667 genitalium,
511 1585 746 1649 consecratione
775 1584 932 1661 mollium,
956 1584 1048 1648 festis
1077 1585 1261 1668 inpurorum
1286 1582 1458 1647 obsceno-10
1525 1559 1526 1652 J

287 1708 420 1772 rumque
453 1689 601 1755 ludorum
634 1709 732 1755 unum
762 1709 873 1756 uerum
903 1692 1016 1766 Deum,
1044 1689 1077 1754 id
1106 1694 1156 1754 est
1183 1689 1285 1754 omnis
1314 1688 1422 1752 animae

288 1795 492 1879 corporisque
516 1801 700 1876 creatorem,
725 1798 826 1863 colere
851 1817 885 1862 se
909 1797 1045 1881 quisque
1069 1795 1253 1861 contendat:
1281 1813 1340 1860 non
1360 1793 1421 1857 ideo
1525 1879 1526 1882 Ἴ

287 1906 410 1986 peccat,
434 1903 509 1986 quia
536 1923 597 1969 non
622 1908 671 1968 est
695 1904 845 1969 colendus
870 1923 963 1987 quem
988 1904 1073 1982 colit,
1099 1904 1154 1968 sed
1173 1904 1248 1986 quia
1271 1901 1421 1968 colendum
1525 1895 1526 1948 l

287 2028 350 2074 non
378 2012 416 2074 ut
444 2009 595 2075 colendus
620 2015 670 2076 est
694 2011 781 2076 colit.
820 2008 882 2089 Qui
904 2029 980 2076 uero
1005 2013 1037 2075 et
1058 2010 1153 2077 rebus
1178 2010 1307 2088 talibus,
1330 2007 1422 2072 idest

288 2117 436 2200 turpibus
461 2121 492 2182 et
517 2118 672 2195 scelestis,
693 2123 725 2183 et
748 2137 808 2182 non
829 2117 932 2183 Deum
955 2137 1078 2195 uerum,
1097 2117 1130 2181 id
1154 2120 1203 2182 est
1227 2117 1346 2182 animae
1367 2131 1422 2178 cor·
1436 2135 1458 2176 a

287 2222 437 2306 ponisque
461 2225 624 2300 factorem,
643 2225 700 2289 sed
725 2228 899 2289 creaturam
924 2225 1071 2307 quamuis
1095 2243 1156 2288 non
1179 2223 1329 2289 uitiosam
1347 2220 1422 2304 colit,

289 2331 358 2396 siue
385 2331 442 2394 illa
471 2331 514 2396 sit
542 2329 645 2395 anima
676 2331 744 2395 siue
774 2349 887 2413 corpus
917 2331 986 2396 siue
1010 2331 1113 2395 anima
1137 2331 1234 2395 simul
1258 2333 1290 2394 et
1312 2346 1422 2412 corpus.
1525 2311 1526 2372 Ῑ

288 2437 339 2503 bis
367 2441 479 2520 peceat
506 2439 537 2502 in
567 2437 681 2517 Deum,
713 2437 797 2520 quod
826 2441 859 2502 et
885 2457 941 2520 pro
970 2437 1039 2519 ipso
1070 2438 1157 2516 colit,
1187 2435 1272 2519 quod
1298 2455 1355 2501 uon
1382 2435 1424 2496 est
1525 2429 1526 2516 l

288 2545 368 2626 ipse,
397 2547 430 2609 et
456 2545 575 2609 talibus
602 2545 697 2609 rebus
727 2544 814 2620 colit,
844 2543 992 2626 qualibus
1022 2561 1079 2608 nec
1107 2544 1175 2626 ipss
1204 2542 1353 2609 colendus
1383 2543 1424 2602 est

289 2668 437 2715 necnon
466 2651 543 2733 ipse.
588 2649 649 2716 Sed
676 2650 712 2715 hi
739 2669 874 2734 quonam
903 2649 1008 2730 modo,
1036 2649 1069 2714 id
1098 2653 1147 2714 ost
1176 2668 1270 2732 quam
1302 2647 1460 2730 turpitera
1525 2653 1526 2742 q

288 2756 469 2841 nefarieque
502 2758 667 2836 coluerint,
700 2759 731 2822 in
766 2761 893 2842 promtu
927 2761 991 2830 sst3
1026 2756 1102 2839 quid
1133 2759 1240 2822 autam
1275 2755 1324 2819 uel
1355 2769 1423 2834 quos
1525 2761 1526 2846 1

292 2864 457 2942 coluerint,
487 2868 572 2930 esset
599 2865 780 2942 obscurum,
810 2864 873 2929 nisi
902 2882 1011 2928 eorum
1039 2866 1211 2928 testaretur
1239 2859 1365 2926 historia
1394 2875 1424 2920 ea
1525 2847 1526 2908 l

291 2971 370 3053 ipsa,
395 2989 475 3052 quas
503 2971 596 3037 foeda
625 2974 657 3036 et
684 2973 789 3054 turpia
818 2971 1016 3048 confitentur,
1046 2969 1229 3034 numinibus
1257 2965 1426 3034 terribiliter

291 3075 489 3158 exigentibus
514 3075 650 3154 reddita3
680 3077 764 3142 unde
788 3077 917 3141 remotis
943 3077 1067 3140 constat
1091 3075 1279 3160 ambagibus
1302 3071 1424 3138 nefarios

293 3179 460 3246 daemones
485 3182 585 3264 adque
609 3181 873 3247 inmundissimos
897 3181 1028 3264 spiritus
1053 3181 1112 3246 hac
1136 3181 1221 3246 omni
1245 3179 1332 3246 ciuili
1349 3179 1460 3244 theo-ss

291 3287 378 3370 logia
410 3287 586 3354 inuisendis
620 3288 746 3354 stolidis
779 3288 971 3372 imaginibus
1002 3291 1037 3352 et
1070 3307 1125 3370 per
1158 3307 1210 3352 eas
1239 3283 1424 3372 possidendis

292 3393 389 3460 etiam
412 3394 523 3460 stultis
547 3396 694 3461 cordibus
717 3395 882 3460 inuitatos.

329 3630 344 3682 2
369 3628 519 3697 sacerdote,
536 3631 568 3686 in
590 3647 676 3701 scorp.
696 3607 858 3695 sacerdotio,
878 3649 892 3686 c
982 3633 997 3686 3
1023 3630 1073 3686 deo
1091 3647 1152 3700 sup.
1173 3631 1221 3685 lin.
1242 3631 1257 3684 b
1345 3631 1361 3682 4
1381 3641 1426 3680 nou

292 3716 408 3771 mundus
424 3719 434 3771 1
488 3719 504 3772 6
523 3723 588 3772 sunt
601 3719 697 3774 taliae
769 3719 815 3774 ille
836 3721 909 3774 solus
925 3720 966 3774 01
970 3737 1008 3790 p,·
1026 3720 1100 3774 solus
1118 3720 1165 3774 ille
1181 3739 1199 3773 a
1210 3720 1225 3774 b
1238 3720 1327 3789 dcqo
1343 3713 1426 3772 nono.

293 3807 308 3890 d
329 3805 490 3871 stoliditate,
511 3825 544 3866 m.
564 3812 579 3861 1
598 3826 631 3862 cx
648 3808 802 3863 stodilitate
822 3825 891 3862 corr.
914 3811 937 3862 0
1006 3807 1231 3864 monstruositate
1250 3809 1284 3863 el
1349 3804 1427 3860 8111-

293 3895 398 3980 gilium,
418 3897 564 3966 gpunctr‘e
583 3897 740 3964 oteramo
813 3899 845 3951 14
869 3915 923 3951 non
940 3913 1000 3966 sup.
1021 3897 1070 3951 lin.
1091 3897 1101 3950 1
1191 3913 1244 3952 non
1264 3901 1296 3950 ut
1313 3889 1429 3951 colendus

291 4001 352 4052 sup.
374 3983 423 4042 lin.
446 3984 469 4038 O
571 3990 613 4040 est
631 4003 683 4041 ona.
702 4002 716 4040 e
807 3987 840 4040 16
859 3986 1077 4051 nonnionem.
1097 3987 1165 4040 2s'n
1183 3995 1326 4040 numerosa
1342 3984 1428 4038 immu-

294 4073 417 4140 careal
470 4073 505 4128 20
524 4092 573 4129 nec
592 4075 658 4146 non]
679 4075 776 4130 nonni
849 4075 1030 4146 quodenset
1084 4076 1116 4130 21
1136 4075 1164 4128 in
1183 4090 1235 4130 orn.
1254 4073 1277 4128 e¹
1349 4084 1429 4142 prorn-

292 4167 376 4233 ptue
431 4165 466 4219 23
485 4164 627 4218 confitetur
646 4165 679 4220 el
750 4163 944 4218 11111111111111111
1000 4165 1034 4218 24
1054 4167 1082 4217 et
1099 4163 1241 4218 remotisl
1294 4165 1328 4218 25
1345 4157 1428 4222 bach

293 4257 324 4306 ut
342 4252 457 4307 uidetur
476 4269 592 4320 mosum,
615 4253 650 4320 0,·
668 4254 718 4308 bec
737 4253 761 4308 c¹
826 4255 860 4309 26
879 4253 1028 4308 inuisendis
1047 4252 1180 4306 Drlbnero
1200 4257 1313 4306 auclore
1327 4245 1430 4306 aanor

294 4340 323 4393 in
343 4340 496 4394 uisendisu
