3072 4928
263 419 327 486 162
604 415 631 470 S.
659 415 818 470 Aurelii
845 413 1046 484 Angustin

263 631 323 696 que
353 610 531 696 opinionem
560 609 656 674 stiam
684 609 746 688 his,
771 609 826 692 qui
855 628 924 674 eam
952 608 1065 674 falsam
1089 628 1160 674 esse
1183 612 1351 687 nonerunt,
1378 613 1414 673 ut

262 718 432 784 aduersum
455 736 512 782 nos
536 716 621 782 iusta
643 735 806 781 murmura
829 715 944 780 habere
968 715 1145 794 uideantur,
1166 735 1241 780 suae
1261 715 1412 781 scientiae

264 824 516 890 dissimulatione
540 823 755 888 firmantibus:
781 823 819 887 de
842 823 943 901 libris,
969 841 1049 906 quos
1073 825 1217 889 auctores
1241 842 1350 888 eorum
1374 823 1412 888 ad

264 930 514 1017 cognoscendam
546 931 787 1014 praeteritorum
821 933 1002 1014 temporum
1038 929 1205 996 historiam
1241 931 1412 996 momoriae

264 1037 502 1114 mandauerunt,
531 1037 624 1123 longe
653 1037 745 1101 aliter
773 1055 841 1102 essa
870 1056 965 1121 quam
992 1039 1105 1120 putant
1132 1036 1411 1102 demonstrandum
1436 1056 1445 1096 s

264 1144 327 1208 fuit
350 1146 382 1209 at
405 1143 503 1208 simul
526 1142 703 1208 docendum
727 1141 803 1208 deos
827 1143 935 1222 salsos,
961 1162 1040 1226 quos
1064 1143 1117 1208 nel
1139 1143 1244 1226 palam
1268 1142 1413 1208 colebant

265 1250 319 1316 uel
346 1250 471 1315 occulte
494 1249 598 1314 adbuc
622 1251 742 1326 colunt,
767 1269 821 1316 eos
845 1267 915 1314 esse
939 1249 1201 1316 inmundissimos
1226 1249 1359 1333 spiritus
1383 1253 1413 1314 et

264 1355 515 1440 malignissimos
544 1373 581 1419 ac
608 1354 832 1420 fallacissimos
858 1354 1037 1432 daemones,
1061 1373 1163 1438 usque
1187 1355 1276 1432 adso,
1300 1359 1337 1420 ut
1360 1358 1413 1419 aut
1500 1424 1506 1445 Ι

265 1463 349 1527 ueris
374 1465 430 1527 aut
453 1461 536 1527 ficiis
561 1462 668 1540 etium,
688 1461 757 1526 suis
780 1463 886 1526 tamen
906 1461 1090 1526 criminibus
1110 1461 1314 1542 delectentur,
1335 1480 1411 1545 quae
1502 1471 1506 1550 l

267 1569 328 1633 sibi
366 1567 517 1633 celebrari
553 1587 609 1651 per
645 1586 704 1632 sua
740 1568 823 1632 festa
858 1568 1038 1647 uoluerunt,
1072 1571 1108 1632 ut
1145 1588 1162 1632 a
1197 1568 1410 1652 perpetrandis
1426 1591 1444 1628 n

267 1674 499 1740 damnabilibus
536 1674 629 1740 factis
666 1675 805 1740 bumana
836 1675 977 1740 reuocari
1009 1694 1070 1740 non
1103 1677 1208 1759 possit
1237 1675 1411 1752 infirmitas,
1505 1657 1506 1668 ἵ

267 1783 344 1846 dum
368 1781 407 1846 ad
429 1781 506 1846 haec
530 1780 683 1846 imitanda
700 1782 793 1846 uelut
811 1781 919 1847 diuina
936 1781 1105 1865 praebetur
1123 1782 1306 1847 auctoritas.
1329 1781 1411 1846 Haec

268 1908 329 1954 non
358 1907 394 1952 ex
422 1892 530 1952 nostra
558 1887 738 1952 coniectura
765 1888 982 1970 probauimus‚
1011 1889 1067 1954 sed
1094 1890 1208 1972 purtim
1237 1909 1274 1954 er
1299 1888 1412 1953 recenti

268 1994 430 2072 memoria,
465 1994 539 2076 quia
572 1997 603 2059 et
634 1993 697 2076 ipsi
729 1994 870 2062 uidimus
903 1995 981 2058 talia
1013 2013 1049 2059 ac
1082 1995 1201 2060 talibus
1233 1993 1410 2058 numinibus

269 2101 418 2178 exhiberi,
441 2099 556 2183 partim
586 2120 622 2164 ex
648 2099 763 2165 litteris
793 2120 912 2180 eorum,
937 2102 993 2184 qui
1019 2121 1079 2166 non
1104 2105 1266 2184 tamquam
1290 2101 1322 2164 in
1346 2118 1410 2164 oon·
1426 2122 1445 2161 a

269 2206 446 2284 tumeliam,
480 2206 535 2271 sed
567 2209 730 2290 tamquam
763 2207 795 2272 in
832 2208 982 2273 bonorem
1019 2207 1149 2274 deorum
1187 2227 1318 2273 suorum
1354 2207 1410 2270 ista

271 2313 449 2396 conscripto
480 2313 617 2396 posteris
645 2314 852 2397 reliquerunt,
880 2315 990 2380 itaut
1021 2316 1072 2380 uir
1103 2316 1309 2381 doctissimus
1342 2313 1411 2396 apul

271 2437 324 2484 eos
343 2418 441 2486 Varro
466 2421 498 2484 et
520 2419 728 2503 grauissimae
753 2421 962 2499 auctoritatis,
987 2439 1059 2486 cum
1083 2440 1186 2487 rerum
1209 2421 1408 2486 humanarum

272 2524 374 2607 adque
394 2524 573 2590 diuinarum
593 2525 777 2609 dispertitos
796 2529 914 2592 faceret
931 2528 1041 2606 libros,
1061 2528 1141 2594 alios
1160 2528 1319 2606 humanis,
1339 2527 1408 2592 alios

272 2630 389 2698 diuinis
417 2651 473 2714 pro
498 2651 556 2696 sua
579 2632 735 2714 cuiusque
756 2633 804 2698 rai
827 2633 981 2716 dignitato
1006 2634 1197 2700 distribuens
1221 2655 1283 2700 non
1308 2633 1408 2700 saltem
1425 2655 1446 2695 ro
1505 2717 1506 2726 ἵ

271 2737 304 2804 11
323 2736 417 2800 rebus
437 2737 594 2814 humanis,
610 2737 666 2802 sed
684 2739 715 2802 in
734 2739 829 2804 rebus
849 2739 966 2804 diuinis
985 2739 1080 2806 ludos
1100 2741 1260 2806 scaenicos
1279 2743 1407 2825 poneret,

274 2861 346 2908 oum
361 2843 482 2926 utique,
498 2843 527 2908 si
544 2845 765 2910 tantummodo
785 2844 858 2910 boni
878 2848 910 2911 et
929 2845 1054 2911 honesti
1073 2846 1218 2912 homines
1237 2848 1269 2912 in
1289 2847 1406 2912 ciuitate

273 2951 390 3027 essent,
418 2967 476 3014 nec
503 2950 534 3014 in
562 2951 657 3016 rebus
686 2952 832 3016 humanis
859 2951 928 3018 ludi
956 2954 1091 3018 scaenici
1119 2973 1189 3018 esse
1224 2954 1406 3019 debuissent

274 3055 366 3136 Quod
397 3056 539 3138 profecto
571 3076 632 3122 non
665 3058 854 3123 auctoritate
887 3077 946 3124 sua
976 3059 1063 3138 fecit,
1096 3061 1152 3125 sed
1184 3061 1331 3143 quoniam
1360 3075 1406 3124 eos

272 3162 392 3227 Romae
419 3165 512 3227 natus
541 3167 574 3226 et
602 3162 753 3228 educatus
782 3165 813 3228 in
842 3165 959 3230 diuinis
988 3167 1082 3232 rebus
1110 3167 1241 3232 inuenit.
1280 3167 1321 3231 Et
1342 3183 1406 3248 quo·
1424 3189 1446 3230 a

274 3269 358 3334 niam
382 3268 414 3332 in
433 3267 493 3332 fine
512 3269 605 3352 primi
624 3269 706 3349 libri,
728 3290 807 3353 quae
827 3270 974 3356 deinceps
994 3272 1127 3338 dicenda
1146 3277 1262 3352 essent,
1281 3273 1408 3338 breuiter

273 3375 439 3459 posuimus
467 3376 499 3438 et
527 3394 562 3440 er
589 3375 639 3440 his
669 3376 822 3459 quaedam
849 3379 881 3442 in
906 3379 1030 3445 duobus
1056 3380 1319 3462 consequentibus
1342 3376 1407 3442 diri·

275 3499 358 3559 mus‚
374 3481 582 3564 expectationi
595 3483 769 3567 legentium
787 3503 867 3568 quae
881 3488 1003 3551 restant
1015 3486 1172 3552 reddenda
1186 3487 1406 3572 cognoscimus.

314 3842 588 3909 lbiscodd.;iiso
657 3847 1407 3921 11111111110111ρμὰυοηιιω1411111.
1504 3841 1505 3844 ’

277 3933 379 3984 iustum
398 3947 517 3984 murmur
536 3953 553 3985 α
624 3935 705 3990 duel
724 3935 836 4004 quosO
907 3937 1024 3992 isthuc
1042 3938 1102 3992 Lai
1184 3935 1410 4010 consopitae

278 4047 342 4116 spir.
363 4049 391 4100 et
409 4047 471 4101 mal.
491 4064 522 4102 ac
540 4047 585 4105 fal.
605 4065 655 4104 om.
678 4050 710 4104 0¹
772 4017 878 4106 9finctis
897 4051 936 4119 L,·
955 4053 1086 4122 linctisb
1147 4056 1176 4109 11
1199 4049 1408 4110 domninum
1504 4035 1505 4114 i

280 4136 313 4189 12
333 4137 477 4204 praeuetur
495 4135 535 4204 L;
553 4137 729 4210 praebes‘ltur,
748 4155 777 4192 rc
796 4139 917 4204 eramo
970 4142 1002 4196 13
1021 4141 1234 4211 prouabimusL
1290 4145 1321 4199 li
1338 4141 1409 4195 relin-
1504 4127 1505 4132 ἵ

279 4222 484 4291 queruntLA¹
550 4225 582 4280 18
601 4227 679 4280 burro
697 4227 741 4294 L;
759 4228 872 4282 barbaro
891 4228 927 4282 A¹
993 4231 1024 4284 19
1044 4231 1188 4300 dispertito
1209 4231 1243 4286 0²
1302 4227 1410 4286 arsenio

278 4327 337 4379 sup.
359 4309 453 4364 bul»
525 4314 558 4367 25
577 4317 745 4369 romanaell
835 4321 914 4372 natos
934 4323 962 4372 et
981 4319 1125 4374 eductoae
1197 4322 1231 4376 26
1249 4319 1363 4376 brebitor
1381 4315 1408 4370 C¹
