3094 4932
248 387 356 452 XVIII
710 383 928 438 Praefatio.

249 601 310 663 qne
342 581 448 645 uitiati
481 583 555 644 sunt
587 599 648 644 non
681 579 775 644 modo
813 579 988 644 scribarum
1026 579 1181 645 erroribus
1219 580 1392 664 prunisque

249 687 447 764 correcturis,
485 706 597 751 uerum
635 686 731 750 etiam
768 686 1080 768 interpretationibus
1117 686 1218 752 nortui
1254 686 1391 770 primum

249 792 428 876 adscriptis,
452 793 565 858 deinde
587 793 670 857 iuter
692 793 789 858 uerbs
812 793 883 875 ipse
904 793 1051 875 receptis.
1089 793 1262 858 Vocabulis
1287 793 1391 857 minus

248 901 376 965 usitatis
400 900 475 965 trita
500 899 784 978 substituebantur,
809 899 977 964 uerborum
1001 899 1252 964 constructiones
1280 919 1390 983 parum

247 1006 428 1072 intellectae
456 1007 509 1071 uei
532 1006 791 1082 immutabantur,
816 1006 869 1070 uel
891 1005 1018 1070 insertis
1042 1025 1122 1087 quae
1146 1005 1282 1070 omissae
1305 1005 1391 1070 uide-

248 1116 356 1176 rentur
379 1113 504 1180 uocnlis
530 1132 602 1178 oum
627 1112 753 1196 uulgari
777 1131 921 1177 sermone
945 1113 1207 1195 exsequebantur.

294 1217 356 1298 Qui
378 1219 473 1303 primi
495 1219 582 1304 typis
606 1219 845 1284 describendum
870 1218 1042 1303 Augustini
1065 1237 1144 1302 opus
1172 1222 1390 1302 susceperunt,

248 1343 306 1389 nec
329 1325 434 1390 minus
453 1324 565 1390 Patres
589 1325 701 1390 deinde
725 1323 921 1389 Benedictini
940 1324 1126 1389 Mourenses
1151 1343 1222 1388 cum
1242 1323 1275 1388 id
1293 1325 1391 1406 potis-

248 1432 366 1496 simum
394 1431 457 1496 sibi
482 1431 706 1516 praestandum
736 1450 806 1497 esse
833 1434 988 1515 putarent,
1011 1435 1049 1496 ut
1071 1431 1244 1496 lectoribus
1268 1434 1389 1496 testum

249 1538 287 1604 nb
316 1539 402 1604 omni
430 1538 620 1604 difficultate
647 1538 783 1604 liberum
809 1539 978 1616 traderent,
1002 1557 1113 1621 perum
1139 1537 1221 1602 surii
1244 1537 1282 1602 de
1306 1537 1390 1602 codi-

248 1663 321 1709 cum
344 1644 405 1709 fide
413 1644 437 1730 l)
463 1647 516 1710 uel
539 1664 593 1710 eos
612 1644 704 1710 modo
724 1645 827 1710 secuti
846 1649 921 1710 sunt
938 1645 992 1728 qui
1010 1645 1109 1710 uerba
1126 1643 1264 1726 undique
1284 1649 1390 1728 operte

249 1754 280 1816 et
305 1759 384 1816 'cum
408 1755 559 1817 consueto
585 1770 728 1816 sermone
753 1757 922 1834 exaequata
944 1752 1093 1834 praebere
1116 1751 1314 1828 uidebantur,
1338 1751 1391 1816 uel

247 1857 310 1940 ipsi
342 1857 459 1923 tradite
490 1859 589 1923 uerba
620 1877 693 1924 eum
726 1858 757 1922 in
789 1857 883 1923 finem
917 1859 1135 1923 immutarunt.
1173 1857 1218 1923 Ut
1249 1858 1391 1940 exempla

247 1983 373 2044 ponam,
403 1965 442 2030 of.
471 1985 501 2047 p.
529 1966 580 2040 11,
603 1965 660 2028 24:
689 1969 725 2027 ul
751 1962 1135 2049 quisquis-baberetur
1161 1960 1310 2050 inlaesus]
1334 1963 1389 2026 ab·

249 2067 456 2144 inclinio:
489 2071 541 2148 29,
565 2071 624 2134 28:
656 2069 811 2150 captiuali
836 2069 922 2153 sunl]
949 2070 1093 2150 captiui
1119 2068 1222 2132 duali
1248 2073 1336 2132 sunl
1357 2089 1390 2142 r;

248 2176 301 2252 46,
326 2175 384 2238 22:
414 2177 531 2240 niman
553 2173 725 2264 incidissel]
749 2175 788 2240 in
810 2178 928 2238 crimen
950 2178 1010 2239 inc.
1033 2195 1068 2252 o:
1095 2177 1148 2251 60,
1174 2176 1229 2240 13:
1257 2174 1392 2239 ceuceu

247 2280 326 2344 milei
347 2278 608 2369 resistendum]
632 2281 928 2363 respondendum
951 2303 1014 2362 pa·
1042 2283 1094 2359 74,
1121 2283 1177 2346 1οι
1200 2279 1312 2344 bonorl
1335 2281 1389 2344 dn·

247 2385 331 2475 cunt]
360 2387 474 2452 lronore
501 2388 632 2469 cllpnoe
659 2388 776 2452 decenni
798 2387 876 2466 u²c;
908 2390 961 2465 74,
987 2389 1043 2452 21:
1078 2387 1178 2467 capite
1200 2387 1296 2450 eliam
1318 2407 1391 2450 ean-

247 2492 371 2582 cientes]
400 2515 468 2576 cap.
497 2496 592 2558 eliam
613 2494 848 2575 plectendam
875 2515 960 2560 sanc.
993 2493 1078 2572 O²n;
1112 2495 1184 2572 143,
1210 2496 1266 2557 21:
1297 2513 1388 2574 paam

247 2607 375 2666 cruenta
386 2601 512 2683 proelia
528 2605 615 2684 prela
632 2599 717 2689 sunl]
738 2624 765 2684 p.
786 2623 810 2666 c.
831 2601 924 2666 bella
938 2605 1025 2684 peste
1042 2607 1126 2680 sunl,
1146 2621 1252 2686 quam
1274 2601 1389 2664 mulla

240 2709 391 2790 proella
414 2729 454 2785 o,·
488 2711 561 2786 153,
587 2710 621 2773 8:
655 2707 765 2772 bellurn
793 2707 904 2772 cunae
934 2707 1047 2772 sernnlc
1078 2709 1222 2772 suecessil
1254 2710 1282 2770 el
1313 2706 1390 2770 bella

246 2815 364 2878 ciuilia.
394 2813 479 2893 Quae
495 2811 631 2902 proelia]
655 2813 734 2878 bella
757 2815 881 2879 ciuilia:
903 2817 941 2878 ln
964 2814 1096 2895 quibus
1118 2835 1197 2895 quae
1217 2815 1339 2894 proelia
1357 2833 1391 2880 a:

250 2923 323 2999 155,
349 2923 405 2986 11:
433 2923 501 2985 suis
524 2921 598 2985 aliis
621 2918 777 3007 caedibus]
800 2922 867 2985 suis
890 2921 1062 3001 alienisque
1083 2923 1167 2986 caed.
1192 2941 1227 2997 u:
1253 2922 1330 2997 248,
1355 2923 1389 2984 2:

246 3029 314 3092 sine
341 3027 407 3092 tolla
434 3025 683 3116 derbilaliouc]
712 3027 897 3091 dilatione
924 3049 957 3105 o;
991 3029 1066 3100 285,
1093 3028 1149 3092 19:
1182 3027 1237 3090 illa
1269 3023 1388 3113 uerene]

247 3135 303 3198 illa
330 3134 439 3199 beredo
465 3133 602 3200 relicta
629 3156 662 3209 o,·
694 3136 769 3212 333,
801 3137 856 3199 14:
883 3131 1065 3221 permanat]
1091 3139 1260 3216 permeat
1286 3155 1322 3209 o:
1354 3155 1391 3198 eu

246 3241 425 3324 oipnilicalu
448 3245 476 3305 el
494 3242 725 3322 praepotentiam
747 3238 831 3329 sunl]
856 3261 893 3304 ea
914 3240 1170 3324 sipnlfieanrrunl
1188 3244 1215 3304 el
1227 3261 1389 3321 praenun-

247 3351 407 3412 liauerunl
430 3369 493 3428 qu·
526 3349 600 3425 450,
627 3350 659 3412 1:
696 3367 765 3410 enno
791 3347 981 3412 noausssima
1009 3347 1168 3411 adolemus
1197 3346 1388 3430 incessunt

247 3455 487 3518 suauissimurn
518 3454 676 3518 adolemus
703 3455 893 3518 incensum
919 3475 954 3531 o;
986 3456 1061 3532 452,
1087 3455 1121 3517 3:
1147 3454 1234 3537 fornii
1261 3473 1388 3518 consu-

247 3557 374 3646 luisse]
392 3559 588 3644 profuisse
606 3581 641 3637 a;
664 3561 739 3640 465,
763 3561 817 3624 14:
840 3581 896 3624 nec
913 3565 1075 3624 sauclatur
1093 3557 1181 3648 esse]
1205 3580 1261 3624 nec
1283 3580 1389 3624 nosse

246 3671 445 3731 nunciatura
466 3670 538 3732 cett.
563 3666 741 3732 Innumeris
765 3667 829 3731 fere
850 3666 930 3731 locis
949 3667 1101 3732 traditum
1120 3667 1290 3732 uerborum
1309 3666 1389 3732 ordi-

294 3877 314 3944 ¹)
333 3875 429 3931 Patres
452 3875 608 3929 Maurenses
631 3891 685 3928 non
710 3891 742 3928 ee
765 3891 828 3928 curs
851 3891 904 3944 qus
927 3893 975 3945 par
998 3879 1056 3929 erat
1078 3876 1162 3930 libros
1186 3893 1248 3930 mss.
1273 3879 1301 3930 et
1326 3893 1387 3929 con-

247 3965 390 4034 quisiuisse
410 3967 438 4018 et
456 3965 612 4028 excussisse,
625 3965 678 4016 ism
693 3963 812 4034 Angelus
826 3964 913 4020 Maius
933 3965 971 4018 eis
990 3965 1161 4034 exprobrauit
1173 3966 1200 4019 in
1215 3965 1387 4020 Praelatione

247 4053 441 4108 ‘Bibliothecae
460 4069 547 4106 noune
562 4054 685 4121 petrum'.
704 4051 742 4106 Et
755 4069 849 4106 reuera
868 4053 964 4106 mirum
984 4056 1033 4116 est,
1052 4069 1098 4106 eos
1116 4054 1144 4107 in
1163 4054 1325 4107 recensendo
1346 4052 1386 4105 ‘de

247 4144 298 4198 ciu.
317 4141 379 4196 Dei'
397 4157 478 4210 opere
497 4157 717 4196 commemorasse
737 4141 843 4211 quidem
858 4140 926 4195 duos
941 4141 1110 4196 corbeiensis
1124 4142 1259 4197 Abbatise
1274 4145 1303 4196 et
1321 4141 1386 4196 duos

248 4233 274 4287 S.
300 4231 488 4286 Germanensis
514 4231 627 4295 codices,
651 4231 698 4284 sed
724 4247 773 4286 nec
800 4235 908 4286 uetusto
932 4231 978 4284 illo
999 4231 1155 4286 Corbeiensi
1176 4233 1246 4286 libro
1267 4231 1319 4301 (C),
1338 4247 1387 4286 nec

248 4321 274 4376 S.
295 4319 470 4374 Germanensi
490 4319 583 4373 litters
601 4337 620 4389 g
638 4323 732 4374 notato
752 4337 814 4373 usos
834 4337 900 4374 esse.
