3072 4930
362 433 412 488 Dc
441 433 615 489 ciuitate
644 433 706 488 dei
733 433 799 490 lib.
826 435 892 489 1111.
921 451 996 507 cap.
1020 436 1063 493 30.
1222 441 1287 504 203

123 627 219 693 bella
240 632 419 713 gesserunt.
453 629 541 694 Haec
565 633 597 695 et
620 629 768 697 dicuntur
791 634 823 695 et
846 630 1017 697 creduntur
1040 633 1232 698 stultissime
1257 637 1289 698 ct

125 734 230 816 plena
254 737 330 799 sunt
352 734 505 801 uanitatis
530 755 736 818 summaeque
759 737 925 804 leuitatis)
951 739 1033 802 Ecce
1057 739 1184 804 interim
1208 758 1288 822 quae

126 841 332 908 confitentur
355 844 408 926 qui
433 842 606 908 defendunt
630 842 705 908 deos
729 844 883 928 gentium.
908 845 1028 910 Deinde
1052 865 1125 911 cum
1149 845 1227 911 haec
1250 845 1290 910 ad

127 949 400 1032 superstitionem
424 951 580 1032 pertinere
604 949 699 1029 dicat,
724 951 763 1016 ad
786 951 973 1036 religionem
997 971 1083 1030 uero,
1116 971 1197 1036 quae
1219 951 1289 1035 ipse

93 1055 316 1121 seecundum
337 1055 462 1122 Stoicos
481 1057 609 1122 uidetur
628 1058 755 1124 docere:
778 1059 849 1122 ‘non
870 1058 952 1122 enim
972 1058 1155 1143 philosophi
1174 1060 1290 1138 solum,

126 1163 253 1245 inquit,
279 1181 392 1227 uerum
418 1163 511 1228 etiam
535 1165 672 1230 maiores
695 1164 796 1228 nostri
820 1165 1079 1247 superstitionem
1103 1164 1290 1250 arsligione

127 1273 381 1351 separauerunt;
401 1288 474 1334 nam
494 1271 548 1353 qui
567 1273 653 1336 totos
673 1271 740 1336 dies
759 1272 977 1353 precabantur,
996 1272 1110 1354 inquit,
1130 1275 1162 1338 ot
1180 1274 1291 1338 immo·

127 1375 257 1454 labant,
283 1380 322 1440 nt
345 1377 407 1442 sibi
430 1379 480 1442 sui
503 1377 595 1442 liberi
619 1379 808 1461 superstites
833 1383 948 1456 essent,
977 1379 1194 1462 superstitiosi
1218 1382 1293 1444 sunt

129 1482 317 1564 appellati‘
340 1480 418 1561 Quis
438 1503 501 1548 non
519 1483 686 1569 intellegat
705 1503 776 1549 eum
797 1484 913 1562 conari,
938 1485 1015 1550 dum
1030 1485 1292 1551 consuetudinem

84 1609 110 1650 ιο
130 1589 285 1654 ciuitatis
309 1589 410 1666 timet,
438 1591 625 1675 religionem
648 1591 777 1656 laudere
800 1591 954 1656 maiorum
985 1611 1117 1675 eamque
1142 1611 1160 1656 a
1183 1611 1293 1674 super-

131 1695 273 1762 stitione
297 1697 381 1761 uelle
405 1697 581 1781 seiungere,
606 1697 661 1762 sed
682 1717 743 1780 quo
763 1698 856 1763 modo
876 1697 908 1762 id
926 1697 1031 1782 possit
1048 1717 1109 1763 non
1130 1697 1292 1763 inuenire?

132 1801 169 1867 Si
191 1803 283 1866 enim
303 1823 321 1867 a
342 1803 514 1869 maioribus
539 1804 586 1868 illi
611 1808 685 1869 sunt
713 1804 862 1888 appellati
889 1804 1114 1888 superstitiosi,
1135 1804 1189 1888 qui
1208 1808 1295 1870 totos

133 1907 207 1974 dies
241 1911 455 1992 precabantur
487 1915 519 1975 et
546 1911 764 1988 immolabant,
798 1911 952 1994 numquid
981 1915 1013 1976 et
1035 1911 1093 1990 illi,
1127 1913 1182 1994 qui
1205 1911 1292 1976 insti·

133 2017 277 2079 tuerunt
314 2013 413 2099 (quod
445 2017 507 2080 iste
539 2015 755 2101 reprehendit)
793 2015 922 2081 deorum
961 2017 1131 2082 simulacra
1169 2015 1295 2082 diuersa

89 2144 114 2184 ιε
134 2124 247 2186 aetate
270 2123 302 2186 et
320 2125 411 2187 ueste
431 2122 592 2202 distincta,
618 2123 747 2187 deorum
767 2141 881 2207 genera
900 2123 1049 2208 coniugia
1068 2123 1294 2208 cognationes?

135 2229 231 2293 Haec
267 2229 379 2312 utique
413 2249 485 2294 cum
513 2233 676 2312 tamquam
704 2229 926 2311 superstitiosa
955 2229 1131 2311 culpantur,
1163 2229 1296 2312 inplicat

137 2338 206 2402 ista
242 2337 338 2418 culpa
369 2337 504 2402 maiores
537 2336 650 2401 talium
684 2337 927 2401 simulacrorum
958 2337 1159 2402 institutores
1192 2335 1295 2420 adque

138 2445 302 2521 cultorcs3
337 2443 470 2526 inplicat
498 2446 530 2508 et
561 2443 677 2525 ipsum,
712 2445 776 2524 qui,
810 2442 1008 2524 quantolibet
1041 2444 1167 2525 eloquio
1200 2462 1234 2507 sc
1266 2441 1297 2506 in

137 2551 328 2616 libertatem
351 2550 473 2614 nitatur
495 2550 654 2625 euoluere,
677 2567 807 2615 necesse
826 2549 964 2614 habebat
981 2549 1045 2615 ista
1063 2549 1221 2626 uenerari;
1241 2567 1298 2614 nec

93 2681 119 2719 ao
139 2657 231 2741 quod
255 2657 288 2722 in
313 2657 372 2722 hac
396 2655 609 2740 disputatione
634 2655 771 2721 disertus
793 2657 930 2735 insonat,
958 2657 1089 2721 muttire
1114 2656 1245 2721 auderet
1266 2657 1298 2720 in

137 2763 258 2848 populi
283 2765 438 2828 contione.
462 2763 605 2847 Agamus
629 2761 736 2844 itaque
761 2761 931 2828 Christiani
949 2762 1085 2828 Domino
1104 2761 1171 2827 Deo
1191 2765 1297 2827 nostro

140 2871 279 2955 gratias,
312 2889 373 2934 non
399 2869 485 2935 caclo
515 2873 546 2934 et
574 2875 685 2948 terrac,
720 2869 804 2934 sicut
830 2869 891 2932 iste
921 2867 1074 2952 disputat,
1109 2869 1166 2934 sed
1190 2869 1219 2932 ei
1243 2868 1299 2951 qui

140 2979 224 3044 fecit
258 2976 382 3042 caelum
416 2980 448 3041 et
479 2980 606 3055 terram,
646 2977 700 3060 qui
732 2976 789 3040 has
828 2975 1080 3058 superstitiones,
1119 2994 1198 3057 quas
1235 2975 1298 3038 iste

140 3085 270 3149 Balbus
290 3085 382 3149 uelut
395 3083 576 3148 balbutiens
596 3083 649 3146 uix
665 3081 877 3166 reprehendit,
901 3101 957 3165 per
971 3081 1162 3146 altissimam
1177 3079 1299 3146 Christi

95 3221 120 3260 se
141 3191 375 3270 humilitatem,
395 3210 451 3274 per
475 3190 692 3274 apostolorum
715 3187 994 3272 praedicationem,
1022 3207 1077 3270 per
1099 3187 1194 3251 fidem
1218 3205 1299 3251 mar-

142 3302 254 3382 tyrum
278 3317 334 3380 pro
359 3297 493 3362 ueritate
517 3296 719 3362 morientium
739 3299 771 3360 ct
790 3314 862 3360 cum
881 3294 1016 3359 ueritate
1040 3294 1218 3360 uiuentium
1237 3312 1298 3358 non
1324 3322 1326 3326 ·

143 3407 255 3471 solum
279 3405 310 3468 in
335 3403 483 3469 cordibus
506 3403 677 3488 religiosis,
706 3421 816 3468 uerum
847 3401 942 3466 etiam
970 3401 1001 3465 in
1031 3401 1162 3466 aedibus
1192 3419 1300 3483 super-

144 3511 286 3579 stitiosis
311 3511 410 3576 libera
434 3527 564 3575 suorum
589 3509 743 3575 seruitute
767 3509 935 3575 subuertit.

183 3871 201 3924 2
231 3869 364 3923 beatitatis
383 3867 421 3922 L¹
530 3869 545 3920 7
569 3868 765 3938 separauerunt
789 3865 962 3933 ahdepqo
982 3863 1080 3918 Domb.
1106 3866 1299 3932 separanersnt

145 3957 271 4025 aa¹0‚·
342 3955 467 4027 praecab.
482 3955 556 4010 1310
601 3952 843 4024 lOaaup.la'a.L
893 3949 1159 4008 13irnmolsuantL
1211 3951 1244 4004 14
1258 3967 1299 4003 re·

145 4072 314 4145 praehendIt
331 4071 404 4138 LC,·
422 4029 619 4142 reprehendith
694 4072 726 4124 15
746 4085 847 4140 genera
865 4085 924 4138 sup.
946 4069 993 4120 lin.
1013 4066 1040 4120 L
1109 4069 1142 4122 16
1162 4083 1221 4120 cnm
1238 4083 1299 4134 sup.

147 4161 243 4218 limo
298 4162 330 4217 19
348 4161 545 4216 hucrtatemL
616 4155 1068 4227 hanebnaL¹n²;habebitL²h¹
1124 4155 1158 4210 23
1172 4157 1249 4240 'terra
1263 4153 1299 4207 L¹

147 4253 183 4307 24
204 4251 302 4306 nclbas
321 4251 381 4305 LA
452 4252 607 4306 unlbutiens
626 4251 686 4306 LA
757 4248 878 4319 repraeh.
893 4247 988 4302 Lac
1041 4247 1075 4300 25
1094 4243 1300 4315 marthymmL

147 4341 184 4395 26
205 4341 358 4395 nitentium
377 4340 404 4393 L
457 4341 492 4394 27
511 4340 765 4411 suptsrstitiosish
820 4339 854 4392 28
873 4337 1005 4390 nimutea
