3072 4928
7 16 347 119 *ur

345 468 397 522 De
426 468 601 523 ciuitate
629 468 691 522 dei
720 467 785 526 lib.
813 469 863 523 lIl.
893 487 969 540 oep.
997 470 1041 526 20.
1203 473 1266 536 145

106 683 185 728 rum
213 662 288 728 fuit.
329 663 417 727 Haeo
446 663 562 746 quippe
589 663 762 746 Hispaniae
791 663 906 728 ciuitas
936 663 1130 728 amicissima
1157 665 1267 748 populi

109 770 261 848 Romani,
291 769 365 834 dum
396 769 496 834 eidem
525 770 643 852 populo
672 769 766 834 fidem
797 773 915 847 seruat,
944 789 1056 836 euersa
1084 775 1142 836 est.
1184 771 1267 836 Hinc

109 877 200 941 enim
227 876 389 940 Hannibal
420 877 520 940 iraoto
552 875 677 942 foedere
705 877 917 942 Romanorum
952 897 1064 942 causas
1098 878 1267 960 quaesiuit,

109 983 234 1065 quibus
269 1001 323 1048 eos
360 982 504 1047 imitaret
541 982 581 1046 ad
617 982 750 1047 bellum.
797 983 975 1067 Saguntum
1011 985 1157 1049 ieroeiter
1193 1003 1267 1068 ergo

73 1087 296 1154 seminabat.
344 1087 436 1168 Quod
468 1089 524 1152 ubi
556 1089 674 1154 Romae
707 1089 852 1154 anditum
884 1094 944 1167 est,
975 1091 1067 1154 missi
1097 1091 1196 1174 legati
1228 1090 1268 1154 ad

108 1195 340 1271 Hannibalem,
365 1199 401 1260 ut
425 1196 463 1260 ab
492 1195 561 1266 eius
595 1195 758 1261 obsidione
790 1196 976 1261 diseederet.
1015 1197 1173 1262 Contemti
1198 1197 1269 1262 Car-

109 1303 281 1387 thaginem
319 1307 457 1386 pergunt
494 1302 785 1385 querimoniamque
823 1303 985 1386 deponunt
1015 1303 1151 1368 foederis
1182 1305 1268 1387 rupti

109 1410 298 1492 infectoque
321 1410 449 1493 negotio
473 1409 606 1474 Romam
630 1409 773 1474 redeunt.
801 1409 885 1474 Dum
908 1410 967 1474 hae
991 1429 1097 1476 morae
1121 1415 1267 1494 aguntur,

109 1517 234 1580 misera
262 1516 320 1580 illa
343 1515 457 1580 ciuitas
482 1515 734 1600 opulentissima,
760 1533 835 1579 suae
859 1516 904 1579 rei
927 1517 1073 1599 publicae
1095 1515 1268 1581 Romanae-

65 1639 90 1680 ιο
110 1643 177 1706 que
208 1623 384 1697 carissima,
409 1625 523 1687 oetauo
551 1623 603 1686 uel
632 1641 713 1687 nono
747 1642 765 1686 a
792 1622 907 1687 Poenis
940 1641 1048 1688 mense
1078 1622 1182 1688 deleta
1209 1627 1267 1689 est.

111 1729 217 1794 Cuius
246 1729 411 1793 interitum
439 1729 554 1813 legere,
584 1733 701 1811 quanto
730 1729 832 1812 magis
862 1729 1009 1806 seribere,
1038 1729 1175 1794 horroris
1208 1734 1268 1794 est.

110 1835 264 1900 Breuiter
277 1839 383 1900 tomen
403 1855 476 1900 eum
496 1836 764 1911 commemorab03
785 1835 909 1900 adrem
929 1837 1045 1920 quippe
1065 1855 1145 1919 quae
1164 1837 1270 1920 agitur

110 1942 256 2006 multum
285 1941 431 2024 pertinet.
469 1943 575 2007 Primo
604 1943 687 2007 fame
717 1943 894 2016 contabuit3
924 1962 995 2006 nam
1020 1943 1115 2007 etiam
1139 1963 1268 2008 suorum

111 2049 327 2114 cadaueribus
361 2069 379 2114 a
410 2049 570 2114 nonnullis
603 2051 694 2132 pasta
726 2047 920 2132 perhibetur.
967 2049 1088 2114 Deinde
1127 2049 1268 2114 omnium

69 2174 92 2212 u
112 2157 200 2220 sessa
219 2174 336 2232 rerum,
350 2175 389 2220 ne
409 2157 522 2220 saltem
543 2157 669 2239 captiua
688 2157 720 2220 in
738 2175 852 2220 manus
871 2155 1058 2220 Hannibalis
1078 2156 1268 2238 perueniret,

112 2264 281 2348 ingentem
304 2281 417 2347 rogum
436 2263 563 2344 publiea
583 2263 707 2342 struxit,
727 2262 759 2325 in
780 2282 873 2345 quern
893 2263 1053 2328 ardentem
1072 2264 1154 2327 ferro
1173 2264 1268 2326 etiam

111 2369 295 2434 trucidatos
328 2388 436 2434 omnes
465 2387 498 2432 se
527 2387 667 2451 suosque
695 2371 860 2435 miserunt.
902 2371 964 2436 Hie
992 2370 1112 2452 aliquid
1140 2375 1270 2454 agerent

112 2475 144 2539 di
170 2475 340 2540 helluones
365 2476 465 2558 adque
489 2476 672 2552 nebulones,
692 2475 918 2540 sacrificiorum
943 2477 1089 2558 adipibus
1112 2477 1268 2541 inhiantes

112 2589 145 2646 et
178 2581 346 2646 fallacium
379 2581 609 2647 diuinationum
643 2583 778 2667 ealigine
812 2584 1021 2667 decipientes,
1059 2583 1110 2648 hie
1149 2582 1268 2664 aliquid

71 2705 95 2744 ²0
112 2691 257 2772 agerent,
283 2688 408 2752 ciuitati
430 2689 540 2772 populi
563 2689 698 2754 Romani
722 2690 933 2754 amicissimae
957 2689 1172 2767 subuenirant,
1195 2688 1269 2754 fidei

113 2794 357 2860 conseruatione
380 2798 564 2876 pereuntem
583 2795 684 2878 perire
704 2815 763 2862 non
786 2796 933 2860 sinerent.
957 2797 1023 2879 Ipsi
1043 2795 1153 2878 utique
1172 2795 1269 2859 medii

113 2901 333 2984 praefuerunt,
371 2919 444 2965 oum
480 2901 640 2966 Romanae
678 2902 722 2966 rei
762 2901 907 2982 publicae
943 2901 1107 2965 interiecto
1144 2900 1269 2965 loedere

114 3009 268 3090 copulata
297 3009 355 3072 est.
395 3006 586 3072 custodiens
614 3008 721 3089 itaque
748 3004 916 3094 [fideliter],
941 3008 1025 3090 quod
1048 3007 1128 3090 ipsis
1152 3007 1269 3089 praesi-

115 3116 211 3180 dibus
235 3114 354 3196 placito
378 3113 529 3190 iunxerat,
552 3113 614 3178 fide
638 3115 791 3194 uinxerat,
815 3115 971 3179 iuratione
996 3115 1231 3188 constrinxerat,
1252 3134 1270 3178 a

74 3237 97 3275 ²⁵
115 3221 238 3304 perlida
268 3220 399 3286 obsessa
426 3221 577 3303 obpressa
605 3223 771 3286 consumta
798 3224 857 3286 est.
887 3221 921 3287 Si
943 3222 1006 3303 ipsi
1030 3221 1062 3284 di
1080 3224 1269 3303 tempestate

115 3329 220 3411 adque
245 3327 433 3392 fulminibus
452 3327 663 3392 Hannibalem
687 3333 797 3410 postea
815 3328 965 3392 Romanis
989 3328 1163 3412 proximum
1186 3347 1269 3392 moe-

116 3436 212 3498 nibus
237 3435 418 3498 terruernnt
439 3433 598 3517 longeque
621 3435 790 3498 miserunt:
816 3439 891 3498 tune
910 3434 1047 3515 primum
1066 3433 1131 3499 tale
1150 3433 1269 3515 aliquid

115 3541 269 3606 iacerent.
315 3540 426 3604 Audeo
462 3540 578 3623 quippe
616 3540 719 3604 dicere
756 3541 920 3604 honestius
958 3539 1031 3605 illos
1069 3559 1124 3622 pro
1159 3540 1269 3604 amieis

117 3647 334 3712 Romanorum
357 3646 427 3712 ideo
451 3647 716 3729 periclitantibus,
737 3666 774 3712 ne
793 3647 943 3711 Romanis
968 3647 1147 3732 frangerent
1164 3647 1271 3722 fidem,

78 3773 100 3812 ao
118 3761 147 3818 el
173 3753 297 3818 nullam
322 3773 413 3837 opem
437 3757 513 3818 turno
537 3754 726 3820 habentibus
747 3772 840 3836 quam
859 3773 914 3837 pro
936 3753 1016 3836 ipsis
1035 3753 1195 3830 Romanis,
1216 3751 1269 3832 qui

155 3975 168 4026 1
190 3973 303 4041 spaniae
321 3969 407 4037 Lh¹,·
423 3971 553 4040 yspaniae
572 3968 609 4026 d²
681 3972 696 4024 3
716 3970 790 4025 iacto
813 3969 846 4023 0¹
922 3969 1020 4040 phoed.
1039 3976 1064 4023 et
1081 3971 1121 4024 aie
1142 3973 1166 4022 7.
1186 3971 1226 4022 22
1248 3967 1271 4020 0

118 4065 134 4116 4
153 4062 283 4116 ferociter
303 4077 367 4130 ergo
386 4059 470 4126 L¹n;
490 4076 554 4130 ergo
573 4063 621 4114 fer.
642 4059 715 4112 L’O
731 4061 790 4114 rell.
809 4077 825 4114 v
880 4061 896 4114 6
915 4059 1089 4130 obsidirjone,
1108 4059 1132 4110 ti
1151 4057 1272 4120 erus&l

120 4179 228 4248 irapti
250 4177 282 4230 0ι
356 4133 609 4244 sinoiectoqueo
676 4177 707 4230 ll
728 4176 825 4229 orrorir
845 4175 915 4229 L¹n
981 4177 1013 4228 12
1033 4175 1113 4243 quae]
1132 4189 1186 4243 qua
1206 4171 1270 4226 dee

120 4267 279 4336 agitntnrll
337 4263 588 4320 ltinetrnxith²a
624 4263 863 4370 ¹18elluones1.¹
918 4264 952 4318 20
968 4269 996 4316 et
1009 4263 1101 4316 fidele
1155 4259 1269 4314 aerde-

120 4383 183 4438 liter
201 4399 252 4437 om.
272 4379 346 4435 Lm
357 4379 389 4434 0¹
395 4397 417 4449 p
489 4381 524 4434 24
543 4379 731 4450 fidefnnxeret,
750 4379 760 4432 i
778 4395 858 4444 eras,
879 4379 905 4433 L

146 4507 227 4549 xxxx
244 4509 304 4556 Aac.
321 4515 391 4555 opera
405 4505 479 4548 seruo
492 4505 512 4546 V
526 4515 579 4556 pern
594 4505 614 4545 1.
1200 4483 1233 4536 10
