3094 4932
401 434 452 488 De
481 433 653 486 ciuitate
681 431 742 486 dei
764 431 830 486 lib.
850 433 966 504 lcap.
987 433 1029 486 18.
1240 438 1282 502 33

132 632 170 694 ut
199 629 276 713 quid
304 649 360 712 pro
388 629 518 704 illane
547 627 721 706 amittatur,
746 627 841 692 etiam
869 627 1010 710 periculo
1036 629 1174 712 corporis
1197 629 1283 696 labo-

131 739 242 800 ratur?
285 735 318 802 Si
351 739 457 802 autem
490 735 587 800 enimi
618 735 736 801 bonum
765 737 823 812 est,
853 735 947 800 etiarn
976 736 1126 820 obpressa
1153 755 1284 819 corpore

132 861 195 908 nou
224 842 393 908 amittitur.
433 840 515 921 Quin
545 843 640 908 etiam
670 846 797 908 sanctae
826 842 1036 908 continentiae
1063 843 1182 908 bonum
1211 863 1283 909 curn

131 950 342 1016 inmunditiae
371 949 543 1015 eumalium
570 949 896 1032 concupiscentiarum
920 968 980 1014 uon
1005 949 1100 1026 aedit,
1124 955 1156 1016 et
1178 951 1283 1034 ipsum

102 1076 250 1140 ecorpus
280 1056 506 1135 sanctificatur,
531 1058 563 1120 et
590 1055 672 1132 ideo,
697 1075 769 1120 cum
798 1057 843 1120 eis
873 1075 933 1120 non
962 1056 1071 1120 cedere
1095 1056 1285 1122 inconcussa

133 1163 311 1230 intentione
338 1162 492 1246 persistit,
516 1181 574 1228 uec
602 1163 639 1228 de
667 1163 737 1246 ipso
766 1181 895 1246 corpore
918 1163 1000 1247 perit
1023 1164 1186 1241 sanctitas,
1210 1165 1285 1246 quia

136 1291 172 1336 eo
198 1272 308 1335 sancte
332 1269 442 1334 utendi
465 1273 647 1351 perseuerat
670 1270 819 1336 uoluntas
843 1273 884 1348 et,
905 1273 1057 1354 quantum
1081 1274 1131 1336 est
1153 1271 1283 1352 inipso,

135 1377 233 1442 etiarn
255 1377 404 1442 facultas.

180 1484 293 1567 Neque
317 1485 400 1548 enim
424 1501 460 1549 eo
481 1503 594 1567 corpus
615 1487 758 1549 sanctum
779 1487 838 1560 est,
858 1484 941 1567 quod
962 1485 1030 1549 eius
1050 1485 1191 1549 membra
1210 1491 1286 1551 sunt

90 1617 115 1653 ιο
135 1593 270 1676 integra,
288 1595 343 1656 aut
368 1611 414 1670 eo,
434 1591 517 1674 quod
541 1592 628 1656 nullo
653 1594 887 1656 contrectantur
911 1590 1050 1664 adtactu,
1070 1611 1143 1656 oum
1162 1593 1287 1674 possint

136 1699 274 1764 diuersis
303 1698 432 1763 casibus
461 1699 557 1764 etiarn
586 1698 753 1763 uulnerata
779 1698 846 1762 uim
875 1698 1007 1780 perpeti,
1032 1702 1064 1762 et
1092 1698 1206 1762 medici
1230 1700 1285 1762 ali-

137 1805 262 1888 quando
279 1805 376 1870 saluti
391 1804 582 1888 opitulantes
601 1805 678 1870 haee
697 1804 742 1869 ibi
760 1804 886 1880 iaciant,
903 1823 982 1887 quae
1001 1804 1108 1869 horret
1126 1809 1284 1888 aspectus

137 1911 301 1977 Obstetrix
324 1910 456 1996 uirginis
480 1910 646 1975 cuiusdam
666 1911 879 1994 integritatem
899 1929 994 1974 manu
1012 1911 1104 1976 uelut
1122 1911 1285 1992 explorans

138 2020 207 2083 siue
227 2017 452 2082 maleuolentia
470 2017 539 2082 siue
557 2017 684 2082 inscitia
703 2017 771 2081 sine
788 2035 874 2094 casu,
889 2015 964 2080 dum
984 2017 1122 2099 inspicit,
1138 2017 1285 2098 perdidit.

95 2153 118 2188 rr
137 2125 207 2190 Nou
242 2125 355 2207 opinor
386 2141 576 2206 quemquam
608 2126 675 2188 tam
709 2123 807 2188 stulte
841 2141 960 2205 sapere,
990 2125 1027 2188 ut
1059 2123 1134 2187 huic
1165 2123 1286 2206 perisse

138 2231 259 2314 aliquid
284 2231 442 2296 existimet
464 2231 559 2295 etiam
584 2231 621 2295 de
646 2230 747 2314 ipsius
772 2230 912 2312 corporis
936 2229 1116 2304 sanctitate,
1140 2229 1286 2312 quamuis

138 2339 273 2404 membri
292 2338 380 2404 illius
399 2338 581 2422 integritate
599 2338 661 2402 iam
681 2337 814 2421 perdita.
839 2336 993 2416 Quocirca
1011 2336 1171 2420 proposito
1191 2335 1287 2400 animi

137 2449 352 2526 permanente,
380 2464 436 2528 per
463 2445 546 2526 quod
580 2445 676 2508 etiam
709 2462 824 2526 corpus
857 2443 1045 2508 sanctificari
1079 2443 1204 2520 meruit,
1232 2460 1288 2506 nec

137 2553 200 2633 ipsi
225 2551 349 2634 corpori
372 2552 475 2616 aufert
494 2552 693 2616 sanctitatem
712 2550 866 2616 uiolentia
882 2549 1024 2615 libidinis
1044 2550 1174 2628 alienae,
1194 2568 1288 2631 quam

97 2685 121 2723 s
140 2661 251 2723 seruat
284 2659 518 2741 perseuerantia
553 2658 762 2722 continentiae
796 2675 882 2722 suae.
929 2657 977 2720 An
1010 2675 1084 2720 uero
1118 2656 1146 2720 si
1183 2655 1290 2737 aliqua

139 2765 257 2830 femina
275 2769 380 2829 mente
400 2768 546 2848 corrupta
565 2765 747 2848 uiolataque
766 2764 941 2847 proposito,
959 2763 1042 2846 quod
1059 2763 1125 2826 Deo
1145 2765 1288 2838 uouerat,

140 2878 253 2956 pergat
282 2871 424 2937 uitianda
451 2871 490 2936 ad
515 2871 714 2954 deceptorem
738 2890 843 2946 suum,
868 2869 990 2934 adhoc
1015 2889 1083 2932 eam
1107 2871 1289 2950 pergentem

142 2985 285 3044 sanctam
313 2978 366 3042 uel
394 2997 522 3061 corpore
551 2977 697 3055 dicimus,
722 2996 758 3040 ea
786 2977 953 3042 sanctitate
982 2974 1087 3048 animi,
1111 2993 1168 3056 per
1194 2992 1288 3055 quam

142 3105 257 3170 corpus
277 3085 543 3162 sanctificabatur,
561 3085 679 3150 amissa
697 3085 798 3166 adque
819 3084 1001 3147 destructa?
1024 3081 1118 3146 Absit
1136 3081 1187 3144 bic
1207 3100 1290 3145 error

104 3223 127 3264 n
144 3195 175 3257 et
196 3193 271 3256 hinc
293 3193 401 3274 potius
421 3191 646 3256 admoneamur
662 3192 708 3256 ita
726 3211 786 3256 non
808 3190 910 3254 amitti
931 3189 1069 3272 corporis
1090 3187 1290 3252 sanctitatem

144 3303 290 3364 manente
319 3298 415 3363 animi
443 3299 611 3364 sanctitate
636 3299 728 3362 etiam
755 3316 882 3380 corpore
907 3296 1068 3378 obpressa,
1093 3295 1178 3358 sicut
1200 3293 1290 3356 amit-

145 3409 223 3472 titur·
251 3411 283 3470 et
310 3407 449 3490 corporis
473 3406 625 3470 sanctitas
649 3405 769 3490 uiolata
792 3404 888 3468 animi
912 3403 1081 3467 sanctitate
1105 3401 1200 3466 etiam
1225 3419 1290 3464 cor-

181 3619 194 3669 l
214 3616 335 3686 periculo
355 3615 392 3668 L¹
404 3615 451 3682 0¹5
470 3632 529 3670 curn
548 3615 667 3684 periculo
686 3612 725 3667 12²
737 3612 771 3666 0²
789 3613 847 3667 rell.
866 3629 882 3666 v
900 3611 998 3666 Domb.
1071 3607 1288 3663 toleraturus

146 3731 354 3786 limmunditia
373 3731 408 3784 L¹
485 3697 594 3785 oeditO
682 3686 819 3784 bideoC
899 3744 959 3782 cum
978 3743 1029 3781 cm.
1050 3742 1069 3778 c
1141 3721 1293 3786 cederetO

147 3823 161 3876 7
181 3823 272 3876 estin
290 3821 348 3892 ipso
367 3820 439 3886 Ln;
458 3821 485 3874 in
504 3821 564 3889 ipso
585 3825 627 3874 est
644 3821 703 3876 rell.
722 3836 738 3873 o
837 3819 854 3872 8
874 3818 954 3871 etiarn
969 3857 1047 3870 .....
1059 3817 1181 3867 sanctum
1202 3817 1243 3865 eet
1259 3812 1292 3864 ia

146 3927 266 3980 marpc
322 3911 351 3964 11
373 3910 455 3964 etiam
475 3909 615 3963 casibuso
671 3911 703 3962 12
724 3908 884 3978 opitulantis
907 3906 937 3959 6¹
994 3907 1067 3956 orret
1083 3903 1130 3970 01,-
1148 3902 1291 3956 horrente

149 4001 179 4054 14
197 3999 389 4054 maliuolantia
406 3997 465 4050 LA
478 3997 551 4052 Oce
676 3997 785 4051 inscitia
803 3997 862 4050 LA
875 3995 925 4048 Ga
935 4011 976 4063 cp
986 3995 1028 4063 ᾖ·
1046 3992 1132 4046 inscia
1151 3991 1178 4044 b¹
1189 3989 1231 4058 q¹,·
1248 3989 1290 4041 in-

147 4089 262 4143 scientia
281 4085 407 4148 b²alc²f
495 4103 557 4140 casu
577 4086 691 4156 quodam
712 4103 731 4140 a
820 4084 942 4156 perlsdit,
963 4083 990 4136 di
1010 4097 1088 4142 arca,
1111 4079 1146 4146 0,·
1164 4077 1254 4147 perdit
1273 4095 1291 4130 α

150 4179 181 4234 16
201 4178 442 4249 deipsiusom.c
484 4177 516 4230 19
535 4175 735 4230 liuidinisLA
775 4175 807 4228 21
830 4171 987 4228 noberetL
1030 4165 1289 4224 22uitaudaL¹A¹

151 4267 253 4322 adhoc
272 4265 341 4319 ΕΔ1
355 4265 388 4330 0,·
408 4265 495 4320 adhuc
513 4266 571 4318 rell.
591 4283 607 4320 c
626 4265 725 4319 Domb.
790 4265 824 4318 23
844 4262 963 4316 dicemus
982 4277 996 4314 e
1049 4260 1084 4312 ‘24
1103 4255 1290 4310 sanctificans·

150 4361 193 4411 tur
211 4354 270 4410 LA
326 4355 359 4408 25
379 4355 488 4423 almitti,
509 4353 526 4407 d
545 4369 632 4418 eraso,
652 4353 678 4406 L
750 4355 778 4406 et
797 4369 846 4408 om.
866 4369 882 4404 c

175 4483 256 4522 XXXX
271 4479 329 4528 Αιις.
344 4489 413 4530 opera
427 4477 502 4519 Sectlo
517 4477 537 4516 V
553 4489 605 4528 pars
620 4479 638 4518 l.
1239 4449 1254 4501 3
