3108 4926
360 459 410 513 ne
439 459 614 512 ciuitate
642 457 704 512 cer
731 457 797 512 rie.
823 457 897 512 v111.
927 475 1002 527 cap.
1028 460 1051 513 1.
1209 429 1274 524 853

129 655 199 720 uult
229 655 327 737 piem,
352 653 470 719 talibus
500 653 597 718 sacris
626 655 757 736 quaeret
785 656 957 729 eeteruem;
987 653 1041 736 qni
1069 656 1176 717 autem
1201 673 1274 718 cum

130 761 276 849 malignis
305 760 511 826 daemonibus
540 778 599 824 uon
629 761 702 825 uult
724 760 838 824 hebere
862 759 1058 838 societatem,
1081 780 1142 825 non
1167 779 1274 844 super-

130 868 302 946 sutorem,
327 887 389 950 que
417 868 573 942 coluntur,
598 867 723 932 noxiam
751 865 966 949 pertimescat,
991 867 1046 931 sed
1074 886 1181 932 ueram
1203 867 1275 932 reli·

130 976 265 1059 pionem,
290 995 353 1056 qua
375 975 552 1058 produntur
575 978 606 1040 et
628 976 810 1053 uincuntur,
834 976 993 1058 agnoscat.

570 1339 731 1404 LIBER
753 1339 839 1406 VIII.

651 1467 758 1474 —-.-—

583 1613 587 1620 .
612 1549 748 1616 CAPUT
772 1551 797 1616 I.

129 1696 182 1760 De
225 1695 469 1777 quaestione
507 1692 711 1758 naturalis
750 1693 988 1778 theologiae
1027 1713 1112 1759 cum
1149 1692 1275 1777 philo-

202 1801 345 1884 sophis
370 1799 684 1865 excellentioris
709 1798 910 1865 scientiae
934 1798 1208 1866 discutienda.

172 1942 266 2007 Nunc
293 1941 463 2007 intentiore
490 1941 580 2006 nobis
606 1961 686 2024 opus
712 1946 762 2005 est
784 1941 887 2006 enimc
911 1942 1012 2006 multo
1037 1961 1131 2026 quem
1157 1943 1276 2008 eratin

89 2077 112 2115 ro
131 2049 331 2133 superiorum
363 2049 522 2114 solutione
555 2048 777 2131 quaestionum
810 2050 843 2112 et
875 2048 1081 2131 explicatione
1113 2048 1276 2114 librorum.

129 2157 176 2221 De
196 2153 359 2239 theologia
378 2155 505 2238 quippe,
521 2173 616 2238 quam
635 2155 811 2219 naturalem
830 2157 957 2230 uocant,
976 2175 1036 2220 non
1056 2175 1129 2221 curn
1148 2157 1278 2239 quibus-

128 2263 210 2328 libet
242 2262 423 2326 hominibns
452 2263 524 2343 (non
553 2263 635 2326 enim
664 2261 811 2326 fabulose
838 2265 888 2326 est
915 2264 967 2327 uel
996 2263 1112 2340 ciuilis,
1140 2264 1201 2329 hoc
1229 2267 1279 2330 est

128 2368 182 2434 uel
220 2367 376 2435 theatrice
411 2372 480 2434 uel·
502 2368 633 2444 urbene3
678 2387 811 2452 querum
850 2369 949 2433 altere
984 2369 1110 2434 iactitat
1146 2370 1276 2436 deorum

130 2477 270 2552 crimine,
300 2477 399 2540 altere
425 2475 544 2540 indicet
572 2475 701 2540 deorum
731 2474 886 2539 desidente
914 2475 1131 2542 criminosiore
1159 2497 1194 2542 ec
1222 2498 1279 2562 per

90 2607 112 2648 re
129 2584 190 2649 hoc
218 2582 430 2668 malignorum
458 2582 566 2664 potius
596 2582 784 2646 doemonum
814 2601 907 2664 quam
937 2581 1091 2668 deorum),
1120 2584 1175 2649 sed
1204 2604 1278 2652 cum

129 2688 332 2773 philosophis
366 2691 416 2754 est
446 2687 590 2752 habenda
622 2689 773 2760 conlatio:
808 2707 940 2770 quorum
973 2689 1079 2772 ipsum
1108 2711 1220 2756 nomen
1250 2692 1278 2756 si

129 2795 241 2860 Latine
267 2795 520 2878 interpretemur,
548 2813 686 2859 amorem
715 2794 887 2876 sapientiae
913 2796 1088 2878 profitetur.
1124 2797 1221 2863 Porro
1251 2797 1279 2863 si

130 2902 287 2985 sapientie
310 2903 397 2968 Deus
426 2905 486 2980 est,
509 2921 565 2985 per
593 2921 685 2984 quem
714 2901 799 2966 fecte
826 2904 901 2966 sunt
924 2902 1038 2980 omnia,
1063 2903 1147 2967 sicut
1170 2901 1279 2967 diuina

130 3009 302 3074 auctoritas
325 3009 508 3092 ueritasque
526 3009 728 3087 monstrauit,
747 3029 843 3074 uerus
862 3009 1071 3092 philosophus
1090 3012 1140 3074 est
1158 3013 1280 3075 amator

88 3114 200 3183 rcDei.
242 3113 305 3180 Sed
334 3116 409 3199 quie
435 3134 485 3181 res
512 3115 593 3200 ipse,
622 3115 713 3179 ouius
742 3115 802 3180 hoc
836 3135 948 3180 nomen
983 3119 1042 3192 est,
1070 3135 1132 3181 non
1165 3119 1215 3180 est
1246 3117 1277 3180 in

132 3221 288 3298 omnibus,
323 3223 377 3304 qui
409 3222 469 3288 hoc
501 3223 626 3287 nomino
659 3222 835 3308 gloriantur
868 3222 981 3306 (neque
1014 3223 1095 3287 enim
1129 3223 1278 3288 continuo

131 3345 224 3391 uerae
252 3328 425 3410 sapientiae
453 3331 529 3392 sunt
557 3331 714 3394 amatores
742 3329 934 3412 quicumque
958 3329 1156 3412 appellentur
1179 3329 1279 3412 philo·

131 3433 253 3518 sophi):
272 3434 414 3517 profecto
430 3453 466 3498 ex
480 3435 638 3512 omnibus,
653 3453 788 3516 quornm
803 3435 977 3500 sententias
997 3454 1032 3501 ex
1050 3435 1167 3500 litteris
1186 3455 1279 3501 nosse

131 3541 305 3621 potuimus,
326 3541 463 3624 eligendi
487 3543 562 3605 sunt
585 3559 658 3604 cum
682 3541 798 3623 quibus
823 3561 884 3605 non
907 3541 1034 3623 indigne
1054 3541 1197 3623 quaestio
1215 3541 1280 3605 iste

222 3777 256 3830 18
276 3777 338 3847 Sep.
359 3777 383 3841 7,
403 3777 437 3830 24
456 3791 514 3846 sqq.

169 3919 181 3972 1
202 3922 318 3972 mortem
338 3923 452 3988 quaerat
470 3917 582 3976 Demb.¹
667 3919 684 3972 2
703 3918 870 3988 petitionem,
889 3919 921 3972 e'n
939 3935 1023 3986 ortorp.
1044 3916 1246 3986 superstitione,
1266 3932 1280 3969 e

131 4007 163 4060 in
184 4007 240 4074 fine
264 4007 330 4062 lieri
357 4007 420 4060 VII
441 4006 511 4076 ‘crnlj
540 4007 563 4062 G
587 4007 712 4062 AVRILI
735 3995 822 4062 AVGT
842 4006 988 4064 CONTRA
1005 4007 1008 4078 Ι
1023 4005 1201 4059 PAGANOS.
1228 4005 1279 4058 DE

132 4095 302 4151 orrrrnru
325 4081 496 4166 nilum.
519 4096 588 4150 ure.
610 4082 759 4166 vupruc.
784 4097 853 4150 ure.
876 4095 988 4150 rure
1057 4095 1091 4148 e
1121 4099 1163 4147 ec
1190 4095 1279 4148 animo

132 4203 230 4256 opusc
296 4185 329 4240 13
348 4185 393 4240 uel
411 4185 515 4240 urbane
533 4203 593 4255 sup.
613 4185 709 4240 liceo
770 4189 803 4240 17
823 4187 981 4256 profitemur
999 4184 1022 4238 c¹
1095 4200 1174 4254 porro
1194 4184 1217 4236 si
1236 4199 1279 4236 se-

132 4275 263 4343 pientiem
281 4274 439 4344 profitemur
458 4279 486 4328 et
505 4275 527 4327 si
546 4291 560 4328 e
614 4276 648 4329 23
667 4275 843 4347 senfltentiae
866 4276 889 4329 0
960 4292 990 4328 cx
1009 4272 1108 4326 litteris
1122 4288 1182 4342 pm,-
1201 4289 1214 4324 e
1233 4271 1279 4324 lit·

131 4363 196 4418 teris
215 4381 246 4430 u;
262 4361 364 4416 litteris
386 4361 483 4416 Orell.
506 4362 603 4420 Domo.
657 4364 692 4416 24
712 4363 836 4433 elegendi
858 4363 881 4417 O

159 4490 240 4530 xxxx
254 4487 314 4538 Aue.
330 4497 401 4538 opera
414 4489 489 4530 settle
504 4488 523 4529 V
537 4497 590 4538 pur
605 4487 624 4528 1.
1210 4472 1244 4524 23
