3136 4934
280 399 345 462 454
626 397 653 452 S.
680 395 838 450 Aurelii
865 396 1081 467 Augustini

282 588 321 655 Si
359 589 505 654 dedero
545 591 822 674 primogenita
859 610 942 656 mea
977 591 1209 674 inpietatis,
1245 593 1424 659 fructum

283 697 443 761 uentris
469 697 544 760 mei
567 717 637 778 pro
665 701 832 780 peccato
862 699 1014 764 animae
1042 703 1170 764 meae?
1213 699 1252 764 Si
1282 700 1425 766 adnun-

281 803 432 868 tiatum
458 803 631 880 esttibi,
655 803 779 881 homo,
804 804 969 869 bonum?
1011 805 1090 869 Aut
1113 805 1208 888 quid
1232 807 1427 872 Dominus

282 911 470 992 exquirat
494 931 511 975 a
535 915 572 975 te
597 910 678 976 nisi
701 911 836 976 facere
864 911 1065 976 iudicium
1094 915 1133 976 et
1158 913 1335 997 diligere
1364 914 1427 978 mi·

282 1016 549 1082 sericordiam
574 1021 613 1082 et
635 1020 819 1100 paratum
844 1037 934 1082 esse
958 1018 1015 1082 ire
1040 1037 1125 1082 cum
1150 1019 1321 1086 Domino
1347 1019 1465 1085 Deos

281 1127 374 1189 tuo?
401 1123 443 1188 at
472 1123 504 1188 in
529 1125 625 1188 huius
647 1123 818 1206 prophetae
842 1125 948 1189 uerbis
972 1127 1142 1208 utrumque
1168 1125 1356 1191 distinctum
1381 1129 1429 1190 cst

282 1230 424 1314 satisque
449 1229 643 1295 declaratum
675 1231 730 1294 illa
763 1231 917 1296 sacrificia
948 1251 1004 1313 per
1032 1251 1065 1297 se
1091 1233 1162 1316 ipsa
1186 1251 1246 1297 non
1270 1233 1427 1314 requirere

281 1337 396 1414 Deum,
417 1337 532 1421 quibus
552 1337 770 1420 significantur
788 1337 866 1402 baec
890 1338 1055 1416 sacrificia,
1081 1359 1160 1420 quae
1179 1339 1313 1422 requirit
1331 1339 1426 1404 Deus.

282 1444 316 1508 In
352 1445 500 1527 epistula,
533 1461 612 1526 quae
642 1443 827 1508 inscribitur
859 1444 896 1509 ad
928 1445 1104 1511 Hebraeos:
1147 1447 1251 1510 Beue
1282 1446 1426 1522 lacere,

282 1551 395 1634 inquit,
434 1553 473 1616 et
510 1550 881 1616 communicatores
919 1570 1008 1617 esse
1046 1553 1175 1617 nolite
1213 1551 1465 1625 obliuisci;u

283 1659 440 1723 talibus
469 1657 571 1722 enim
600 1658 831 1724 sacrificiis
859 1661 1049 1742 placetur
1076 1659 1167 1724 Dec.
1209 1661 1256 1724 Ac
1283 1679 1340 1742 per
1370 1659 1427 1722 hoc

284 1765 338 1829 ubi
372 1765 527 1848 scriptum
560 1769 623 1829 est:
660 1765 988 1830 Misericordiam
1027 1764 1119 1832 uolo
1156 1785 1269 1848 quam
1308 1765 1426 1830 sacri·

283 1872 427 1938 ficium
465 1871 544 1935 nihil
581 1871 668 1936 aliud
705 1891 798 1954 quam
838 1871 1028 1937 sacrificium
1067 1871 1219 1938 sacrificio
1252 1870 1426 1956 praelatum

286 1982 409 2061 oportet
433 1978 590 2062 intellegi;
625 1979 772 2061 quoniam
796 1978 887 2054 illud,
913 1979 997 2061 quod
1021 1979 1059 2044 ab
1084 1979 1229 2044 omnibus
1253 1979 1427 2062 appellatur

284 2085 483 2162 sacrificium,
518 2085 645 2170 signum
674 2091 723 2150 est
754 2086 818 2150 ueri
850 2085 1007 2150 sacrificii.
1048 2085 1144 2151 Porro
1173 2088 1279 2150 autem
1308 2085 1425 2149 miseri-
1442 2105 1463 2146 a

284 2193 391 2257 cordia
419 2210 530 2256 uarum
561 2191 751 2258 sacrificium
783 2195 846 2270 est3
879 2193 963 2258 uude
987 2191 1107 2256 dictum
1136 2195 1194 2268 est,
1226 2191 1312 2274 quod
1334 2190 1425 2274 paulo

285 2301 355 2363 ante
380 2299 640 2364 commemoraui:
665 2299 836 2365 Talibus
862 2299 964 2363 enim
989 2298 1221 2363 sacrificiis
1239 2298 1426 2380 placetur

284 2406 373 2471 Deo.
398 2405 623 2488 Quaecumque
647 2405 745 2489 igitur
767 2407 799 2470 in
818 2405 994 2471 ministerio
1013 2405 1209 2470 tabernaculi
1229 2405 1298 2470 siue
1317 2405 1424 2488 templi

285 2513 394 2578 multis
420 2511 522 2577 modis
547 2512 584 2576 de
609 2512 772 2576 sacrificiis
801 2512 952 2595 leguntur
975 2512 1130 2577 diuinitus
1159 2531 1229 2578 esse
1253 2515 1424 2596 praecepta.

286 2619 325 2684 ad
345 2619 546 2684 dilectionem
572 2619 631 2682 Dei
656 2622 688 2682 st
706 2619 839 2702 proximi
865 2618 1070 2702 significando
1094 2619 1462 2685 referuntur.1nl1isro
1543 2699 1544 2706 ἵ

286 2726 369 2790 enim
407 2726 563 2790 duobus
600 2726 847 2807 praeceptis,
890 2729 927 2790 ut
964 2727 1118 2809 scriptum
1151 2729 1210 2805 est,
1248 2729 1336 2791 tota
1369 2726 1424 2789 lex

285 2833 435 2916 pendet
459 2837 497 2896 et
519 2833 752 2915 prophetae.

750 3027 887 3092 CAPUT
912 3026 965 3090 Vl.

498 3151 552 3214 De
581 3169 675 3214 uero
703 3151 973 3234 perfectoque
1002 3150 1226 3216 sacrificio.

331 3273 465 3338 Proinde
502 3293 614 3338 uerum
653 3273 842 3339 sacrificinm
872 3279 921 3339 est
958 3294 1048 3340 omne
1078 3294 1168 3358 opus,
1211 3275 1295 3356 quod
1329 3273 1461 3356 agitans
1541 3267 1542 3305 l

289 3385 324 3446 ut
347 3384 455 3445 sancta
474 3381 626 3445 societate
645 3382 864 3446 inhaereamus
884 3382 961 3458 Deo,
985 3381 1121 3445 relatum
1142 3379 1265 3444 scilicet
1284 3378 1322 3442 ad
1340 3379 1423 3442 illum
1540 3469 1541 3474 γ

375 3573 391 3626 9
411 3571 492 3624 Hebr.
514 3573 556 3635 13,
577 3573 610 3624 16
667 3573 699 3624 12
720 3571 781 3626 Osa.
802 3571 826 3634 6,
846 3573 862 3624 6
917 3571 952 3625 20
972 3571 1020 3627 llt.
1040 3571 1084 3634 22,
1104 3571 1139 3624 40
1540 3505 1541 3597 i

325 3691 337 3744 1
363 3689 546 3758 primogenita
564 3705 624 3742 mea
642 3687 784 3758 inpietatis
804 3687 892 3742 abel
910 3688 1008 3742 Domb.
1028 3687 1174 3756 respiciens
1192 3686 1251 3740 cod.
1267 3687 1343 3740 Alex.
1360 3703 1424 3755 rpu-
1539 3707 1540 3738 u

288 3775 382 3831 τὸτοκά
401 3797 450 3850 μου
471 3776 608 3844 ἀσεβείας
630 3778 841 3847 primogenitum
860 3793 949 3831 meum
973 3794 1020 3847 pro
1045 3777 1146 3830 scelere
1168 3793 1228 3830 meo
1253 3780 1301 3830 ant
1317 3775 1423 3828 irus-tum

282 3883 342 3934 pa;
360 3866 543 3935 primogenita
560 3883 620 3920 meu
638 3884 686 3936 pro
705 3867 847 3937 impietate
865 3883 960 3920 meuc
1014 3867 1030 3920 3
1051 3865 1142 3919 densa
1195 3867 1212 3921 4
1233 3864 1346 3935 exquirit
1362 3862 1424 3914 aba

289 3954 414 4023 diligere]
435 3954 606 4023 exquireres
668 3957 815 4024 tparatus
835 3971 895 4009 esa
967 3956 1005 4008 ire
1024 3971 1075 4010 om.
1092 3971 1110 4008 a
1174 3954 1247 4008 cut
1265 3955 1304 4024 in]
1323 3953 1424 4005 ΜΗ)
1538 3945 1539 3952 ’

288 4046 427 4110 iuras.,e
490 4042 701 4112 8hacclillaa
767 4043 979 4098 9scribiturea
1035 4045 1065 4096 ll
1086 4043 1211 4113 placatur
1230 4043 1296 4097 dens
1314 4039 1423 4096 Μὴ·

289 4147 377 4185 roae
450 4132 482 4184 13
507 4131 638 4186 sacrificio
658 4131 852 4185 sacrificiuma
926 4133 958 4185 14
978 4131 1011 4185 ab
1030 4131 1248 4186 bominibusab
1304 4131 1333 4184 16
1349 4127 1422 4197 paulo

289 4235 341 4273 ona
359 4237 376 4272 a
432 4219 466 4272 20
486 4219 663 4289 significando
679 4220 788 4287 belps
801 4219 917 4288 Domb.,·
935 4220 1139 4289 significandam
1154 4239 1187 4289 o;
1202 4215 1423 4291 significandumv

288 4309 322 4360 24
342 4307 515 4375 perfectaque
537 4307 560 4360 0
625 4310 659 4361 25
680 4307 751 4378 quod
770 4309 918 4376 elpalru;
937 4326 990 4379 quo
1011 4309 1084 4363 abu
1102 4310 1218 4377 Domb.,·
1237 4327 1289 4380 que
1308 4317 1329 4380 f
