3072 4928
338 435 1102 508 211111111111111111.Π1.1111121127.
1233 443 1295 506 153

139 633 280 698 nondam
303 635 464 714 putarunt.
490 629 650 711 Quantum
674 651 710 696 er
729 631 788 698 boo
807 633 1008 716 profecerint,
1027 633 1168 700 indicant
1187 639 1297 700 secuta

139 739 262 824 peiora.
286 739 483 804 Laborarunt
506 739 589 804 enim
612 737 758 822 deinceps
783 740 1016 806 contionatoree
1035 759 1097 804 non
1117 740 1295 824 exemplum

140 847 287 911 deuitare
313 845 537 924 Gracchorum,
562 843 617 910 sed
641 864 789 928 superare
812 845 1023 929 propositum,
1045 846 1080 911 L.
1105 845 1296 912 Saturninus

138 953 292 1017 tribunus
325 952 427 1034 plebis
461 955 494 1016 et
526 949 565 1018 G.
599 951 754 1017 Seruilius
787 956 913 1034 praetor
944 955 977 1016 et
1008 952 1110 1018 multo
1144 955 1219 1036 post
1251 953 1294 1018 M.

107 1059 280 1136 eDrusrrs,
305 1077 439 1141 quorum
467 1058 609 1124 omnium
636 1059 847 1124 seditionibus
872 1058 983 1123 caedes
1006 1059 1108 1142 primo
1132 1059 1196 1124 ianr
1220 1062 1295 1124 tunc

140 1165 365 1249 grauissimae,
400 1163 512 1229 deinde
549 1164 678 1230 socialia
711 1162 795 1228 bella
828 1168 1019 1240 exarserunt,
1052 1165 1170 1247 quibus
1202 1165 1296 1229 Italia

138 1271 350 1335 uehementer
378 1269 504 1336 adflicta
532 1274 564 1336 et
591 1271 631 1334 ad
659 1271 844 1335 uastitatem
869 1270 1046 1336 mirabilem
1071 1271 1295 1336 desertionem·

141 1396 206 1460 que
238 1377 391 1460 perducta
423 1380 481 1443 eet.
504 1377 651 1442 'Bellum
685 1377 797 1442 deinde
825 1377 940 1442 seruile
968 1377 1125 1444 successit
1153 1381 1185 1442 et
1212 1377 1296 1442 belia

140 1483 263 1550 ciuilia.
302 1483 390 1564 Quae
418 1485 539 1567 proelia
567 1485 736 1550 commissa
764 1488 848 1562 sunt,
878 1485 954 1566 quid
983 1483 1147 1570 sanguinis
1175 1485 1294 1559 fusum,

93 1615 121 1655 ro
141 1595 180 1656 nt
208 1609 318 1655 omnes
346 1591 412 1655 fere
434 1591 533 1656 Italae
563 1597 683 1675 gentes,
709 1591 826 1674 quibus
849 1591 1027 1657 Romanum
1050 1591 1183 1656 maxime
1207 1609 1294 1672 prae-

141 1697 287 1782 pollebat
322 1697 503 1780 imperium,
540 1700 703 1782 tamquam
741 1717 838 1764 saeua
875 1698 1035 1764 barbaries
1078 1698 1293 1763 domarentur!

142 1805 209 1868 Iam
238 1824 274 1870 ex
298 1805 511 1888 paucissimis,
536 1805 597 1870 hoc
620 1807 670 1868 est
692 1805 796 1869 minue
821 1824 915 1888 quam
940 1803 1151 1890 septuaginta,
1176 1803 1293 1888 gladia·

141 1911 265 1978 toribus
294 1929 388 1996 quem
416 1911 455 1976 ad
483 1910 613 1976 modum
641 1911 762 1976 bellurn
791 1912 905 1978 seruile
940 1915 1137 1977 contractum
1170 1911 1222 1988 sit,
1254 1909 1293 1974 ad

143 2022 299 2102 quantum
332 2037 499 2084 numerum
532 2022 564 2084 et
601 2037 695 2101 quam
729 2037 832 2084 acrem
868 2019 1067 2100 ferocemque
1104 2017 1293 2102 peruenerit,

94 2145 222 2208 requos
255 2125 310 2190 iile
343 2145 494 2190 numerus
527 2125 733 2210 imperatores
770 2126 880 2210 populi
911 2125 1046 2192 Romani
1083 2123 1291 2208 superauerit,

140 2251 219 2314 quas
250 2234 283 2298 et
311 2251 373 2316 quo
401 2231 495 2298 modo
525 2233 674 2298 ciuitates
702 2231 911 2317 regionesque
939 2232 1126 2308 uastauerit,
1155 2231 1207 2296 uix
1238 2229 1293 2312 qui

139 2340 310 2405 historiam
339 2340 593 2422 conscripserunt
620 2339 700 2405 satis
728 2339 881 2422 explicare
905 2341 1087 2423 potuerunt.
1123 2337 1235 2420 Neque
1258 2334 1293 2399 id

139 2447 248 2510 solum
267 2445 330 2510 fuit
349 2445 465 2511 seruile
483 2446 614 2523 bellum,
630 2445 686 2510 sed
705 2448 737 2510 et
749 2445 968 2512 Macedoniam
988 2443 1184 2528 prouinciam
1201 2445 1290 2528 prius

140 2553 273 2618 seruitia
288 2552 480 2638 depopulata
495 2557 569 2618 sunt
584 2557 615 2617 et
631 2551 741 2616 deinde
758 2552 900 2618 Siciliam
919 2571 1069 2635 oramque
1088 2550 1291 2616 maritimam.

94 2657 387 2738 nonnumquam
412 2663 444 2724 et
467 2679 561 2741 quarn
585 2658 740 2724 horrenda
763 2659 979 2724 commiserint
996 2658 1098 2741 primo
1117 2655 1292 2732 latrocinia,

140 2765 253 2830 deinde
281 2765 390 2830 ualida
416 2765 502 2830 bella
529 2766 712 2851 piratarum,
742 2767 813 2846 quis
845 2785 900 2850 pro
933 2764 1152 2850 magnitudine
1183 2781 1289 2828 rerum

138 2873 247 2936 ualeat
270 2872 397 2954 eloqui?

569 3082 706 3148 CAPUT
728 3083 861 3148 XXVII.

265 3225 320 3290 De
344 3225 456 3290 bello
482 3225 603 3292 ciuili
626 3225 807 3292 Mariano
832 3225 960 3308 adque
984 3225 1162 3308 Syllano.

94 3389 122 3426 re
183 3367 264 3434 Cum
292 3386 367 3432 uero
392 3367 513 3432 Marius
542 3367 630 3434 ciuili
660 3368 814 3452 sanguine
841 3368 903 3432 iam
928 3370 1079 3432 cruentus
1101 3366 1213 3432 multis
1238 3366 1286 3430 ad-

138 3493 302 3540 uersarum
328 3474 389 3539 sibi
417 3475 556 3556 partium
583 3475 735 3558 peremtis
763 3473 870 3538 uictus
894 3473 978 3540 Urbe
1006 3472 1212 3558 profugisset,
1237 3473 1288 3546 uir

171 3805 187 3858 3
207 3804 331 3858 debitara
349 3803 373 3859 11
444 3804 475 3860 1..
495 3803 622 3874 noda·
639 3804 727 3858 lucius
747 3820 785 3858 eo
855 3803 873 3855 4
893 3803 925 3858 G.
947 3803 1017 3870 a&
1036 3803 1065 3860 C.
1085 3803 1118 3868 d‚·
1136 3802 1220 3858 Gaius
1240 3801 1286 3855 ub

137 3891 716 3962 eq²kf;graiueq¹;consnlp;Caiuev
787 3891 1110 3958 M.ACd;Murcnaeo
1165 3891 1286 3960 bprimo

137 3999 186 4036 om.
205 3981 241 4036 A¹
309 3981 443 4036 8deinde
462 3982 605 4037 belfumd
673 3981 802 4036 tciuilia
821 3999 889 4052 quae
909 3981 968 4034 AO
984 3983 1042 4036 rell.
1062 3979 1177 4047 Domb.,·
1196 3979 1287 4032 ciuilia

138 4071 281 4141 inquibus
302 4087 405 4141 quaec
479 4071 512 4126 10
530 4070 761 4141 praepolleuatrt
832 4072 864 4125 15
884 4071 956 4140 quod
978 4071 1010 4123 0²
1076 4072 1194 4138 idquae
1206 4111 1286 4126 .....

137 4161 287 4214 uastauerit
305 4176 356 4214 um.
371 4177 399 4228 e;
416 4160 447 4213 in
465 4177 552 4230 maro.
568 4177 604 4214 m.
619 4163 650 4214 2:
670 4175 737 4229 quae
755 4159 910 4230 prouinciae
929 4159 984 4213 late
1005 4158 1091 4212 cultas
1112 4161 1140 4211 et
1159 4156 1285 4211 ciuitates

136 4249 253 4302 munitas
271 4249 424 4319 regionesq.
443 4249 615 4302 uastauerint
705 4250 737 4302 21
758 4247 1020 4318 magnitudinemC
1103 4245 1286 4315 221011ιί0ι

140 4337 172 4390 25
192 4339 267 4408 uero]
289 4354 389 4406 ergoq
462 4336 542 4391 ciuile
565 4337 598 4392 0²
652 4337 688 4390 26
706 4353 772 4390 urue
791 4337 815 4390 A
