3072 4930
280 441 345 506 216
624 436 651 490 S.
679 434 835 490 Aurelii
863 435 1081 504 Augustini

279 637 405 698 taturus
435 637 530 711 esset,
555 653 628 699 cunr
656 636 688 699 ct
716 635 805 711 alter,
829 633 885 717 qui
912 652 971 698 non
1001 633 1139 698 habebat
1161 633 1293 697 eandem
1317 633 1420 696 horem

281 740 470 817 natiuitatis,
494 759 624 806 necesse
648 740 779 808 haberet
801 741 919 824 pariter
941 743 1126 824 aegrotare?
1149 739 1271 804 Deinde
1296 757 1420 822 qua-ero:

282 847 309 912 si
332 849 421 911 tanta
445 847 596 912 distantia
624 851 674 912 est
697 848 850 930 temporis
884 847 916 912 in
949 847 1116 912 natiuitate
1149 847 1356 931 geminorum,
1388 849 1421 909 ut

280 973 337 1038 per
368 955 446 1019 hano
481 957 625 1037 oporteat
657 953 702 1019 eis
736 953 993 1019 constellationes
1025 953 1093 1018 fieri
1124 952 1267 1018 diuersas
1300 957 1422 1036 propter

281 1061 443 1126 diuersum
466 1062 675 1145 horoscopum
702 1063 734 1125 et
757 1061 796 1125 ob
820 1061 880 1126 hoc
899 1061 1042 1125 diuersos
1067 1079 1175 1126 omnes
1200 1060 1353 1137 cardines,
1370 1058 1422 1123 ubi
1447 1077 1457 1115 ⁵

280 1170 370 1232 tauta
392 1167 443 1232 uis
466 1168 604 1250 ponitur,
636 1172 672 1232 ut
695 1167 769 1232 hinc
787 1161 889 1232 'etiarn
913 1167 1039 1232 diuersa
1062 1167 1126 1231 siut
1147 1167 1227 1230 fata:
1261 1165 1344 1230 unde
1366 1164 1421 1230 hoc

282 1273 422 1339 accidere
438 1274 554 1356 potuit,
579 1293 652 1339 curu
672 1294 780 1340 corum
799 1277 969 1356 conceptus
985 1273 1147 1338 diuersum
1165 1275 1293 1354 tempus
1313 1271 1422 1336 habere

282 1398 342 1446 uon
365 1380 490 1463 possit?
535 1381 601 1445 Aut
623 1381 650 1446 ei
674 1382 809 1446 duorum
836 1399 899 1445 uuo
926 1385 1086 1444 momento
1114 1379 1268 1461 temporis
1297 1397 1422 1460 concep-

281 1487 387 1551 torum
410 1489 584 1568 potuerunt
614 1505 685 1552 esse
709 1488 749 1552 ad
770 1485 963 1552 nascendum
994 1485 1059 1550 fata
1082 1485 1230 1568 disparia,
1263 1504 1345 1566 quor
1365 1503 1422 1549 non

283 1597 315 1656 ot
338 1593 473 1657 duorum
504 1613 567 1658 uno
594 1597 755 1659 momento
787 1593 938 1676 temporis
968 1597 1113 1659 natorum
1141 1591 1267 1676 possint
1295 1591 1459 1656 essendo

281 1699 454 1764 uiuendum
478 1700 580 1783 adque
602 1700 799 1766 moriendum
820 1700 885 1765 fata
905 1699 1062 1783 disparia?
1086 1697 1168 1764 Nam
1193 1699 1220 1764 si
1244 1717 1342 1762 unum
1361 1717 1423 1762 mo·

283 1809 436 1882 mentum,
470 1825 531 1888 quo
567 1807 658 1872 ambo
693 1806 838 1890 concepti
870 1809 953 1884 sunt,
986 1825 1047 1871 non
1080 1805 1247 1888 inpediuit‚
1280 1809 1318 1870 ut
1349 1804 1425 1868 alter

283 1911 377 1994 prior,
406 1911 485 1977 alter
507 1913 664 1994 posterior
685 1916 881 1978 nasceretur:
921 1933 1012 1996 quur,
1040 1933 1103 1978 uno
1129 1914 1289 1976 momento
1314 1912 1341 1976 si
1365 1910 1422 1974 duo

282 2023 461 2097 nascantur,
496 2019 621 2101 inpedit
656 2019 786 2102 aliquid,
823 2023 861 2084 ut
901 2020 980 2084 alter
1019 2021 1114 2103 prior,
1152 2018 1231 2083 alter
1271 2017 1424 2100 posterior

283 2125 457 2188 moriatur?
481 2125 515 2190 Si
534 2126 698 2209 conceptio
723 2127 875 2190 momenti
894 2127 988 2190 unius
1008 2125 1152 2190 diuersos
1173 2143 1267 2190 casus
1285 2125 1317 2188 iu
1336 2126 1458 2187 uteros

284 2230 427 2315 geminos
450 2232 564 2298 habere
587 2231 754 2316 permitt't,
783 2253 866 2316 quur
887 2233 1039 2298 natiuitcs
1066 2231 1221 2298 momenti
1247 2231 1343 2297 unius
1366 2249 1422 2295 non

284 2337 379 2400 etiarn
400 2338 560 2420 quoslibet
584 2339 662 2405 duos
686 2339 718 2404 in
741 2343 824 2405 terra
844 2339 986 2405 diuersos
1007 2359 1100 2404 casus
1119 2338 1233 2404 habere
1253 2339 1422 2422 permittat,

285 2460 321 2506 ao
358 2443 404 2508 sic
441 2443 543 2509 omnis
580 2443 676 2509 huius
714 2445 790 2509 artis
823 2444 876 2510 uel
912 2445 1021 2526 potius
1058 2443 1211 2509 uanitatis
1250 2445 1423 2508 commenta

283 2549 456 2614 tollantur?
503 2549 588 2630 Quid
612 2553 662 2616 est
683 2552 754 2631 hoc,
787 2571 869 2635 quur
890 2571 953 2616 uno
982 2555 1133 2634 tempore,
1165 2556 1326 2616 momento
1354 2569 1423 2615 uno..

285 2655 344 2720 sub
376 2673 440 2721 una
471 2657 645 2743 eademqne
677 2659 756 2723 caeli
787 2657 944 2742 positione
982 2657 1126 2742 concepti
1154 2657 1281 2722 diuersa
1312 2657 1460 2721 habento

284 2763 359 2841 iata,
384 2783 464 2846 quae
486 2765 559 2830 illos
583 2765 756 2849 perducant
775 2767 814 2830 ad
836 2765 1031 2830 diuersarum
1047 2765 1196 2830 horarum
1215 2764 1424 2836 natiuitatem,
1528 2765 1529 2794 ³

285 2873 402 2935 etune
426 2876 586 2936 momento
610 2875 762 2956 temporis
795 2874 854 2938 sub
883 2893 945 2938 una
973 2873 1145 2954 eademque
1169 2872 1249 2936 caeli
1271 2871 1425 2955 positione

285 2977 324 3042 do
348 2977 471 3042 duabus
495 2979 650 3043 matribus
675 2979 737 3044 duo
761 2981 879 3062 pariter
902 2979 967 3044 nati
992 2979 1117 3044 diuersa
1140 2979 1206 3044 iata
1228 2977 1343 3042 habere
1368 2993 1423 3040 non

284 3084 419 3167 possint,
444 3104 523 3166 quae
541 3085 616 3151 illos
635 3086 810 3168 perducant
825 3085 863 3150 ad
881 3085 1039 3150 diuersam
1059 3085 1187 3150 uiuendi
1202 3086 1256 3150 uel
1274 3080 1425 3149 moriendi

285 3192 532 3257 necessitatem?
577 3193 627 3257 An
651 3194 794 3275 concepti
825 3193 965 3258 nondum
998 3193 1115 3259 habent
1146 3194 1222 3272 fata,
1256 3210 1336 3275 quae
1369 3187 1462 3254 nisis

286 3299 456 3360 nascautur
477 3297 591 3362 habere
615 3317 676 3363 non
700 3301 868 3380 poterunt?
916 3295 1001 3377 Quid
1028 3302 1077 3363 est
1104 3317 1178 3382 ergo
1202 3297 1287 3380 quod
1310 3297 1425 3367 dicunt

324 3611 337 3664 1
366 3609 468 3664 habeat
485 3609 557 3664 Lm
646 3611 662 3664 6
690 3611 811 3680 11111111,
835 3611 886 3666 litt.
910 3613 958 3664 tan
984 3610 1079 3669 crosis,
1102 3609 1125 3664 0
1213 3609 1245 3664 11
1275 3607 1426 3666 uibend.L

289 3700 322 3754 13
341 3703 497 3756 nasceretur
510 3739 710 3758 ..........
725 3700 798 3770 prior
816 3717 867 3754 om.
887 3699 915 3753 b¹
1023 3697 1424 3755 cur....nneccnturom.e¹

289 3789 322 3842 14
341 3793 487 3843 nascuntur
504 3789 598 3857 codd.;
614 3793 794 3844 noscunturo
865 3789 972 3860 inpedit
990 3789 1082 3854 codd.;
1100 3787 1231 3858 impediat
1248 3805 1264 3842 v
1321 3789 1352 3841 17
1370 3803 1426 3858 per-

287 3876 417 3932 mittitb²
473 3879 505 3932 18
524 3879 579 3933 sic
651 3877 1255 3984 omnieLACdeak¹hDomb.;omniauc
1311 3877 1344 3930 19
1363 3890 1428 3945 quur

289 3997 357 4060 (cur)
378 3993 456 4046 codd.
471 4001 585 4062 praetor
602 4011 633 4064 q;
652 3994 723 4064 quod
742 4011 782 4063 po
854 3997 976 4064 tempore
995 4010 1074 4046 mom.
1093 3992 1178 4058 anob
1250 4009 1305 4046 uno
1323 4007 1427 4046 monac

288 4081 323 4136 20
341 4082 428 4135 cerba
447 4083 570 4151 concepti
587 4099 672 4152 usquc
690 4083 729 4137 od
748 4084 765 4136 l.
781 4087 821 4138 22
835 4083 902 4137 caeli
921 4082 1056 4152 positione
1075 4099 1108 4134 nr.
1128 4085 1147 4135 2
1165 4081 1196 4134 in
1213 4079 1296 4149 inser.
1313 4077 1427 4149 marpd

288 4171 320 4225 21
342 4187 447 4224 orarum
465 4187 525 4241 sup.
546 4172 594 4226 lin.
617 4173 641 4226 O
715 4175 749 4227 23
769 4171 821 4226 duo
841 4173 943 4242 pariter
959 4169 1091 4224 matribus
1110 4187 1123 4224 e
1195 4169 1229 4223 24
1248 4170 1355 4240 possint
1371 4167 1426 4222 La

288 4260 453 4328 coeptam
478 4261 591 4330 possint,
615 4261 657 4315 int
679 4279 712 4316 m.
732 4265 747 4314 1
765 4263 796 4315 in
815 4279 879 4327 ras,
901 4260 936 4328 0;
963 4264 1077 4331 possunt
1094 4263 1168 4328 qfu
1276 4255 1427 4312 uibendiL

287 4351 498 4404 somnone
568 4353 715 4420 potueruut
732 4347 755 4403 A
