3108 4926
275 442 340 505 352
624 437 651 492 S.
678 435 833 490 Aurelii
861 435 1077 505 Augustini

275 633 420 717 Egeriam
441 632 607 716 coniugem
629 629 745 695 dicitur
762 630 924 708 habuisse,
944 648 1037 712 quem
1059 628 1098 693 ad
1117 628 1246 694 modum
1264 628 1297 693 in
1316 649 1419 714 supra-

276 740 361 804 dicto
394 739 473 804 libro
503 737 652 802 Varronis
686 737 860 820 exponitur.
903 737 953 802 lta
985 737 1068 802 enim
1100 736 1204 802 solent
1235 755 1286 802 res
1314 741 1419 821 gestae

276 846 456 930 aspersione
480 844 716 910 mendaciorum
740 844 772 908 in
796 845 920 910 fabulas
944 843 1036 910 uerti.
1060 845 1097 908 In
1118 844 1176 908 illa
1193 843 1294 928 igitur
1311 844 1420 928 hydro·

276 952 394 1017 mantia
422 950 658 1017 curiosissimus
687 969 738 1015 rer
761 952 816 1015 ille
839 951 999 1016 Romanus
1024 955 1057 1016 et
1080 969 1169 1016 saera
1198 951 1320 1029 didicit,
1344 971 1420 1035 qnae

275 1060 307 1123 in
344 1056 434 1123 libris
472 1059 540 1124 suis
576 1058 743 1140 pontifices
780 1057 941 1138 haberent,
976 1062 1008 1122 et
1046 1077 1153 1122 eornm
1186 1076 1311 1136 causas,
1345 1077 1421 1140 quas
1452 1077 1465 1118 r

276 1170 401 1250 praeter
423 1184 457 1228 ae
480 1162 637 1228 neminem
662 1165 742 1228 scire
766 1163 878 1229 uoluit.
906 1165 1019 1247 Itaque
1042 1182 1096 1230 eas
1121 1183 1264 1229 scorsum
1289 1167 1422 1249 scriptas

277 1291 385 1336 secum
423 1269 559 1353 quodam
595 1269 690 1335 modo
727 1269 808 1334 mori
839 1269 925 1348 fecit,
959 1270 1084 1353 quando
1116 1271 1162 1334 ita
1194 1271 1421 1336 subtrahendas

276 1377 441 1443 hominurn
464 1377 596 1442 notitiae
617 1376 877 1459 sepeliendasque
897 1377 1032 1441 curauit.
1054 1377 1122 1441 Aut
1139 1396 1213 1462 ergo
1234 1376 1422 1443 daemonnm

276 1484 343 1550 illic
371 1487 436 1548 tam
465 1483 609 1548 sordidae
638 1487 671 1547 et
698 1483 805 1548 noxiae
830 1483 1021 1566 cupiditates
1046 1488 1133 1549 erant
1156 1485 1364 1568 conscriptae,
1387 1487 1424 1547 ut
1542 1495 1543 1520 ³

278 1611 314 1656 ex
342 1591 392 1656 his
420 1593 488 1656 tota
518 1590 575 1654 illa
601 1591 763 1675 theologia
791 1590 895 1655 ciuilis
929 1591 1023 1656 etiam
1057 1595 1135 1674 aput
1163 1592 1245 1656 tales
1279 1591 1465 1656 hominesue

278 1697 462 1762 execrabilis
501 1698 673 1778 appareret,
706 1695 761 1778 qni
793 1701 858 1760 tam
892 1695 995 1760 multe
1021 1695 1053 1759 iu
1081 1695 1160 1778 ipsis
1189 1697 1287 1762 sacris
1317 1697 1423 1762 erube-

278 1803 393 1869 scenda
421 1805 638 1885 susceperant;
667 1804 723 1866 aut
745 1801 793 1865 illi
818 1819 926 1865 omnes
949 1799 1028 1866 nihil
1051 1800 1137 1867 aliud
1161 1822 1256 1885 quam
1279 1803 1423 1867 homines

278 1909 396 1975 mortui
418 1909 640 1992 prodebantur,
665 1927 745 1990 quos
768 1913 833 1973 tam
857 1909 978 1991 prolixa
999 1909 1151 1992 temporis
1174 1911 1338 1975 uetustate
1361 1909 1423 1974 iere

278 2036 386 2082 omnes
416 2015 527 2099 populi
554 2015 695 2100 gentium
722 2015 797 2080 deos
820 2015 1003 2079 inmortales
1028 2035 1098 2080 esse
1122 2016 1328 2094 crediderant,
1352 2035 1422 2082 oum

278 2127 310 2189 et
345 2123 463 2188 talibus
497 2122 594 2188 sacris
626 2121 710 2186 idem
742 2123 791 2186 illi
824 2121 992 2187 daemones
1027 2123 1268 2198 oblectarentur,
1303 2124 1358 2206 qui
1389 2141 1422 2187 se
1440 2141 1463 2182 n
1543 2143 1544 2174 r

279 2230 427 2297 colendos
450 2249 506 2313 pro
529 2229 609 2312 ipsis
633 2230 778 2307 mortuis,
798 2248 878 2312 qnos
902 2229 980 2295 deos
1003 2230 1108 2312 putari
1126 2230 1276 2309 fecerant,
1295 2231 1423 2313 quibus-

279 2337 349 2402 dam
374 2336 536 2401 fallacium
559 2336 784 2400 miraculorum
808 2336 1076 2401 adtestationibus
1100 2337 1331 2418 subponebant.
1364 2335 1423 2401 Sed

280 2443 404 2509 occultu
422 2442 480 2507 Dei
504 2441 572 2506 ueri
595 2441 795 2524 prouidentia
817 2442 936 2506 factum
962 2447 1021 2520 est,
1040 2446 1078 2507 ut
1096 2445 1128 2507 et
1145 2443 1304 2527 Pompilio
1324 2444 1423 2508 amico

280 2569 338 2613 suo
370 2549 436 2613 illis
470 2548 629 2614 conciliati
663 2549 793 2624 artibus,
822 2547 940 2630 quibus
967 2549 1188 2632 hydromantia
1214 2550 1281 2614 lieri
1308 2550 1423 2633 potnit,

280 2662 394 2722 cuneta
425 2657 483 2720 illa
515 2655 656 2719 confiteri
687 2655 955 2738 permitterentur,
985 2659 1017 2720 et
1043 2659 1160 2734 tamen,
1189 2659 1226 2720 ut
1253 2656 1423 2721 morituros
1439 2673 1461 2711 20

279 2762 460 2828 incenderet
488 2780 525 2826 ea
551 2761 658 2843 potius
687 2780 780 2843 quam
810 2761 965 2840 obrueret,
990 2761 1157 2827 admonere
1181 2781 1240 2827 non
1264 2763 1423 2846 permitte·

279 2873 401 2947 rentur;
430 2869 485 2952 qui
513 2888 551 2933 ne
579 2868 813 2933 innotescerent
839 2885 897 2932 nec
927 2871 1039 2945 aratro,
1065 2888 1126 2951 quo
1151 2872 1226 2933 sunt
1249 2871 1349 2946 eruta,
1374 2867 1423 2931 ob-

281 2975 393 3041 sistere
406 2977 587 3059 potuerunt,
603 2994 660 3039 nec
674 2974 748 3040 stilo
759 2973 920 3053 Varronis,
932 2993 993 3056 quo
1010 2995 1055 3052 ea,
1067 2994 1147 3058 quae
1162 2973 1200 3039 de
1215 2975 1273 3038 hac
1288 2994 1321 3038 re
1337 2977 1424 3058 gesta

281 3085 365 3160 sunt,
389 3082 420 3146 iu
449 3085 589 3148 nostram
614 3081 796 3147 memoriam
820 3083 1042 3163 peruenerunt.
1079 3081 1149 3146 Non
1179 3082 1260 3146 enim
1290 3082 1424 3164 possunt

281 3188 366 3272 quod
395 3208 455 3254 nou
485 3189 632 3254 sinuntur
660 3187 796 3263 efficere3
831 3189 978 3253 sinuntur
1005 3191 1112 3252 autem
1136 3188 1200 3254 alto
1225 3188 1285 3252 Dei
1309 3186 1422 3252 summi
1438 3201 1460 3241 ιε

281 3294 429 3374 iustoque
457 3293 575 3358 iudicio
605 3313 660 3377 pro
689 3293 810 3358 meritis
839 3312 959 3376 eorum,
989 3313 1067 3376 quos
1096 3294 1134 3358 ab
1164 3294 1209 3358 eis
1238 3293 1292 3358 uel
1319 3291 1422 3375 adfligi

281 3401 416 3481 tantum,
441 3399 493 3463 uel
523 3401 619 3464 etiam
647 3400 750 3465 subici
778 3418 814 3464 ao
843 3399 947 3482 decipi
975 3401 1097 3464 iustum
1125 3403 1185 3465 eet.
1224 3397 1327 3478 Quam
1352 3417 1422 3464 uero

280 3506 475 3588 perniciosae
502 3506 556 3571 uel
585 3525 603 3570 a
630 3506 718 3570 cultu
743 3525 836 3570 uerae
860 3506 1038 3572 diuinitatis
1062 3506 1182 3570 alienae
1205 3505 1279 3570 illae
1300 3506 1422 3570 litterae

282 3611 439 3676 iudicatae
468 3612 636 3692 cinthiae
664 3613 807 3696 intellegi
832 3615 947 3695 potest,
973 3613 1057 3696 quod
1082 3631 1134 3677 aas
1158 3611 1272 3676 maluit
1296 3614 1421 3676 senatus

281 3718 455 3798 incendere,
471 3739 548 3803 quas
563 3719 740 3802 Pompilius
760 3719 945 3795 occultauit,
961 3738 1054 3801 quam
1073 3719 1185 3784 timere
1204 3718 1288 3801 quod
1308 3716 1422 3790 timuit,
1436 3733 1458 3772 a

283 3825 337 3909 qui
361 3824 420 3888 hoc
443 3826 557 3890 audere
581 3845 641 3890 non
664 3826 779 3910 potuit.
805 3823 868 3904 Qui
892 3844 965 3910 ergo
990 3826 1091 3890 uitam
1114 3844 1172 3889 nec
1195 3824 1289 3890 modo
1312 3823 1420 3888 habere

318 4079 409 4134 lille
432 4095 511 4133 rexu
603 4079 636 4134 10
657 4035 733 4134 ist*
822 4079 854 4132 13
882 4077 985 4147 prolixa
1004 4080 1033 4147 (p
1051 4077 1111 4132 lexa
1130 4075 1162 4142 1¹)
1182 4077 1276 4144 codd.;
1297 4075 1419 4146 prolixiu

285 4166 474 4236 14p0p01r0
545 4166 715 4222 credideite
787 4169 820 4222 21
841 4167 1012 4221 admoneris
1083 4167 1203 4236 promitt.
1223 4165 1248 4219 e¹
1312 4167 1418 4220 aensc-

282 4254 391 4308 istilod
444 4255 478 4308 27
499 4254 594 4321 subici,
614 4255 884 4319 cim.2inrar.,e
936 4255 1107 4325 tuameres,
1126 4253 1271 4318 teras.,0
1322 4255 1354 4308 31
1372 4251 1418 4304 hoc

282 4341 359 4397 codd.
380 4349 488 4411 accepto
511 4343 539 4408 0,
558 4343 626 4397 haec
647 4343 785 4398 GDomb.
