3108 4926
285 427 349 489 302
639 422 665 475 S.
694 419 849 474 Aurelii
875 418 1093 487 Augustini

285 622 369 694 sunt,
399 616 453 681 sed
483 613 710 680 aduertendum
739 613 846 696 potius
876 611 1003 695 quinam
1031 611 1086 676 isti
1116 612 1179 676 sint
1207 615 1239 676 et
1268 611 1306 676 ad
1338 629 1425 692 quam

284 744 351 789 rem
376 723 485 788 selecti
508 723 686 786 uideantur.

758 912 895 978 CAPUT
918 913 957 978 ΙΙ.

286 1058 361 1139 Qui
386 1058 469 1122 sint
493 1057 531 1121 di
556 1054 716 1132 selecti,
737 1059 775 1120 et
799 1075 844 1119 an
868 1053 913 1118 ab
939 1053 1102 1119 officiis
1127 1054 1325 1117 uiliorum
1348 1051 1426 1114 deo·

592 1183 676 1229 rum
699 1162 927 1226 habeantur
950 1161 1119 1245 excepti.
1451 1185 1460 1221 s

328 1307 396 1370 Hos
425 1308 509 1370 certe
533 1304 608 1370 deos
633 1305 768 1368 selectos
789 1303 886 1367 Varro
911 1303 1006 1366 unius
1030 1302 1103 1366 libri
1128 1301 1326 1366 contextione
1349 1319 1426 1366 com·

285 1413 426 1477 mendat:
450 1413 572 1488 Ianum,
596 1411 716 1486 Iouem,
742 1409 925 1485 Saturnum,
946 1409 1094 1486 Genium,
1113 1409 1318 1484 Mercurium,
1337 1406 1427 1488 Apol-

283 1519 390 1595 linem,
412 1519 556 1595 Martem,
574 1517 763 1594 Vulcanum,
783 1516 979 1600 Neptunum,
1000 1513 1117 1592 Solem,
1138 1514 1266 1590 Orcum,
1286 1514 1427 1578 Libemm

284 1629 417 1708 patrem,
440 1625 610 1697 Tellurem,
636 1623 789 1698 Cererem,
814 1624 977 1702 lunonem,
1001 1623 1133 1698 Lunam,
1152 1622 1298 1698 Dianam,
1317 1620 1425 1684 Miner·

284 1751 369 1810 uam,
398 1731 564 1807 Venerem,
593 1729 739 1805 Vestam3
778 1731 810 1793 in
847 1728 962 1812 quibus
1002 1729 1149 1794 omnibus
1185 1729 1284 1791 ferme
1317 1725 1426 1811 uiginti
1443 1753 1461 1790 c

285 1837 451 1902 duodecim
485 1856 598 1912 mares,
632 1840 703 1902 octo
736 1838 812 1900 sunt
843 1835 987 1900 feminae.
1033 1835 1120 1898 Haec
1158 1835 1289 1898 numina
1325 1839 1424 1896 utrum

283 1948 411 2026 propter
438 1942 572 2007 maiores
601 1943 632 2006 in
663 1941 780 2006 mundo
809 1940 1099 2006 administrationes
1128 1941 1247 2005 selectu
1274 1939 1425 2014 dicuntur,

285 2069 323 2114 an
352 2049 437 2130 quod
464 2049 591 2133 populis
619 2048 723 2130 magis
751 2048 956 2112 innotuerunt
984 2048 1145 2128 maiorque
1173 2052 1223 2110 est
1250 2047 1297 2110 eis
1326 2048 1425 2110 cultus

285 2156 463 2220 exhibitus?
488 2154 521 2220 Si
545 2157 720 2238 propterea,
741 2154 815 2236 quia
834 2173 929 2236 opere
946 2154 1067 2218 maiora
1086 2153 1123 2218 ab
1142 2153 1193 2218 bis
1213 2152 1426 2217 administran-

283 2262 395 2326 turin
423 2261 552 2336 mundo,
576 2279 637 2326 non
666 2280 720 2326 eos
747 2261 888 2325 inuenire
916 2260 1085 2325 debuimus
1113 2261 1194 2326 inter
1220 2260 1309 2325 illam
1341 2259 1425 2342 quasi
1441 2283 1459 2320 n

282 2368 438 2449 plebeiam
458 2368 623 2432 numinum
643 2368 883 2432 multitudinem
902 2366 1033 2431 minutis
1054 2367 1217 2450 opusculis
1237 2369 1424 2452 deputatam.

282 2474 363 2537 Nam
392 2474 460 2558 ipse
491 2474 629 2556 primum
657 2474 763 2551 Ianus,
792 2493 865 2539 oum
897 2475 1100 2558 puerperium
1133 2475 1318 2557 concipitur,
1348 2475 1424 2540 unde

281 2580 338 2644 illa
366 2584 479 2644 cuncta
506 2599 601 2661 opera
624 2583 756 2644 sumunt
779 2581 938 2646 exordium
963 2581 1146 2644 minutatim
1169 2582 1301 2646 minutis
1326 2582 1423 2646 distri·

282 2687 360 2752 buta
387 2686 581 2764 numinibus,
606 2686 727 2750 aditum
757 2686 859 2769 aperit
884 2686 1065 2770 recipiendo
1090 2688 1214 2752 semini.
1252 2689 1301 2752 Ibi
1326 2693 1375 2752 est
1395 2691 1423 2752 et

283 2793 437 2858 Saturnus
466 2797 594 2876 propter
621 2793 729 2876 ipsum
757 2813 877 2869 semem
911 2793 956 2856 ibi
979 2793 1082 2869 Liber,
1107 2793 1302 2876 quimorem
1327 2795 1422 2860 effuso
1438 2816 1460 2856 u

282 2900 402 2964 semine
433 2899 561 2975 liberat;
595 2899 640 2962 ibi
671 2898 794 2978 Libera,
828 2917 923 2982 quam
956 2907 989 2963 et
1011 2899 1165 2964 Venerem
1197 2899 1319 2974 uolunt,
1349 2919 1422 2982 quae

281 3007 340 3071 boo
367 3007 451 3070 idem
479 3005 667 3071 beneficium
697 3006 837 3070 conferat
864 3006 1009 3083 feminae,
1033 3010 1070 3070 ut
1099 3007 1194 3070 etiam
1218 3007 1288 3088 ipsu
1311 3008 1422 3071 emisso

282 3113 402 3177 semine
425 3113 587 3176 liberetur.
611 3111 728 3176 Omnes
753 3113 785 3176 bi
810 3112 933 3176 exiliis
958 3116 1041 3187 sunt,
1063 3113 1117 3193 qui
1141 3111 1251 3178 selecti
1270 3113 1423 3196 appellan-

281 3222 341 3284 tur.
376 3219 438 3284 Sed
460 3219 505 3282 ibi
528 3223 578 3282 est
601 3220 633 3282 et
656 3218 715 3282 dea
737 3219 839 3296 Mena,
865 3237 944 3301 quae
967 3219 1140 3284 menstruis
1163 3219 1318 3284 fluoribus
1341 3237 1420 3303 prae·

281 3329 339 3401 est,
364 3327 510 3408 quamuis
534 3325 620 3391 Iouis
644 3325 719 3401 filie,
744 3331 848 3390 tamen
871 3325 1032 3410 ignobilis.
1064 3325 1106 3390 llt
1130 3325 1209 3390 lianc
1231 3325 1419 3408 prouinciam
1436 3348 1459 3388 u

281 3432 416 3495 duorum
439 3435 673 3496 menstruorum
696 3433 728 3496 in
751 3433 831 3497 libro
857 3432 1046 3497 selectorum
1072 3432 1201 3497 deorum
1229 3432 1292 3515 ipsi
1314 3430 1419 3496 Iunoni

280 3537 363 3602 idem
392 3542 502 3602 auctor
529 3538 792 3622 adsignatumue
819 3539 851 3602 in
879 3538 927 3603 dis
957 3539 1084 3603 selectis
1114 3539 1210 3604 otiam
1240 3539 1349 3623 regina
1375 3543 1419 3604 est

317 3797 401 3850 listi
420 3801 517 3852 eunte
608 3800 639 3853 11
664 3801 803 3854 nominat
894 3802 927 3854 12
951 3799 1297 3865 dicentur,am.2cxu
1317 3797 1419 3860 corr.‚l

282 3913 313 3965 13
334 3914 371 3966 eis
392 3913 462 3966 estl
546 3879 575 3968 is
597 3914 630 3979 0;
650 3915 689 3967 eis
709 3933 796 3984 ooaq
870 3917 902 3970 14
922 3915 1071 3970 exibitusc
1163 3917 1298 3986 mlaiora],
1318 3916 1419 3969 litterae

278 4001 403 4054 inclusae
421 4019 455 4058 m.
475 4007 495 4056 2
512 4003 544 4056 in
561 4019 627 4067 raa,
650 4004 684 4069 C,·
703 4005 826 4084 meiord
891 4006 924 4059 16
943 4005 1049 4074 plebem
1068 4007 1122 4058 iam
1142 4006 1152 4058 l
1208 4006 1239 4058 17
1259 4006 1329 4075 ipse]
1346 4003 1418 4058 ibio

281 4117 312 4170 18
338 4121 433 4170 cuncte
453 4135 534 4188 opere
553 4118 634 4173 illao
723 4120 758 4174 20
781 4077 869 4182 iliber,
888 4119 916 4188 bj
936 4137 970 4174 nr.
991 4124 1019 4184 2,
1042 4121 1065 4174 0
1170 4119 1263 4187 merel,
1282 4121 1344 4174 lm.
1364 4123 1419 4183 2‚e

280 4232 314 4285 22
333 4199 419 4302 ips⁸O
471 4235 505 4287 23
524 4200 662 4298 Ιίὴεῐέῐιπ,
681 4253 699 4288 n
719 4253 736 4288 a
755 4243 904 4290 correctore
921 4235 1150 4304 superscripl.‚C
1202 4239 1236 4290 24
1256 4235 1418 4299 bombasio

278 4321 401 4390 marpiuc
418 4321 431 4374 l
449 4321 587 4381 fluoribus,
607 4341 620 4376 e
674 4325 708 4377 26
727 4323 828 4378 liberos
844 4325 971 4385 electum.
992 4325 1052 4378 erol
1068 4343 1101 4378 m.
1120 4329 1140 4378 2
1158 4325 1189 4377 in
1207 4341 1274 4388 rue,
1293 4341 1307 4378 e
