3094 4932
331 1203 374 1314 S.
411 1204 698 1314 AURELH
745 1203 1135 1316 AUGUS'FINI

633 1383 825 1450 nersoorr

153 1526 236 1623 DE
278 1525 568 1623 tristanda
608 1525 717 1623 DEI
760 1525 1000 1624 CONTRA
1040 1527 1303 1626 Pediaios

577 1693 722 1766 LIBRI
753 1693 880 1766 xxrr.

619 1937 780 2001 LIBER
816 1938 840 2002 Ι.

595 2165 862 2220 PRAEFATIO.

239 2291 294 2354 De
319 2290 507 2373 suseepti
533 2289 669 2373 operis
694 2291 875 2355 oonsilio
901 2294 939 2356 et
962 2297 1208 2376 argumento.

99 2460 126 2499 ιο
192 2431 468 2498 Gloriosissimam
492 2431 655 2495 ciuitatem
676 2432 735 2496 Dei
759 2433 828 2496 siue
852 2433 883 2496 in
907 2432 966 2497 hoe
990 2434 1170 2516 temporum
1195 2453 1299 2510 eursu,

147 2559 220 2602 curn
248 2539 333 2602 inter
359 2539 463 2620 inpios
495 2539 714 2623 peregrinatur
747 2557 782 2630 er
815 2537 877 2603 fide
910 2539 1032 2617 uiuens,
1067 2541 1136 2604 siue
1173 2539 1205 2603 in
1245 2541 1301 2604 illa

146 2645 324 2710 stabilitate
349 2645 434 2709 sedis
459 2649 612 2722 aeternae,
637 2665 731 2728 quam
755 2665 838 2710 nune
863 2649 1007 2728 expectat
1029 2666 1085 2730 per
1103 2647 1298 2728 patientiam,

146 2751 357 2834 quoadusque
375 2751 500 2816 iustitia
520 2754 722 2816 eonnertatur
741 2753 771 2815 in
791 2751 955 2830 iudicium,
981 2753 1128 2834 deinceps
1148 2753 1299 2836 adeptura

144 2879 201 2940 per
229 2858 448 2922 excellentiam
476 2859 612 2924 uictoria
640 2859 753 2922 ultima
781 2865 813 2922 et
839 2878 916 2941 paee
944 2861 1093 2943 perfecta,
1122 2861 1182 2926 lroo
1206 2880 1298 2943 opere

99 2992 125 3030 15
145 2965 184 3028 ad
212 2971 245 3030 te
273 2965 421 3029 instituto
452 2968 484 3029 et
512 2985 583 3029 mea
611 2963 662 3052 [ad
690 2963 732 3052 te]
760 2967 971 3048 promissione
1000 2967 1104 3032 debito
1134 2967 1297 3032 defendere

144 3071 300 3136 aduersus
331 3090 396 3146 eos,
430 3073 486 3155 qui
520 3072 676 3136 conditori
708 3074 776 3136 eius
811 3073 885 3138 deos
919 3091 994 3139 suos
1027 3075 1217 3157 praeierunt,
1251 3073 1297 3138 fili

143 3179 309 3242 carissime
332 3177 526 3254 Marcelline,
556 3179 693 3262 suscepi,
722 3199 874 3263 magnum
903 3200 982 3262 opus
1012 3185 1043 3244 et
1066 3181 1211 3257 arduum,
1241 3181 1296 3244 sed

140 3285 230 3348 Deus
259 3284 385 3348 adiutor
412 3287 519 3350 noster
543 3289 602 3349 est.
644 3284 726 3350 Nam
754 3286 820 3350 seio
846 3286 961 3368 quibus
986 3287 1107 3350 uiribus
1132 3306 1211 3370 opus
1240 3288 1293 3352 sit.

141 3393 180 3454 ut
202 3390 431 3474 persuadeatur
455 3392 599 3474 superbis
620 3395 738 3474 quanta
762 3393 804 3456 sit
824 3393 926 3457 uirtus
947 3392 1149 3470 humilitatis,
1176 3412 1237 3476 qua
1259 3393 1295 3457 fit

95 3527 122 3564 so
140 3503 180 3563 ut
203 3499 309 3563 omnia
333 3502 455 3563 terrena
479 3499 642 3562 cacumina
665 3499 834 3581 temporali
857 3500 1034 3564 mobilitate
1066 3499 1210 3563 nutantia
1234 3519 1293 3564 non

139 3606 278 3670 humano
312 3609 464 3687 usurpata
497 3606 593 3683 fastu,
628 3605 684 3670 sed
718 3607 824 3670 diuina
857 3606 959 3690 gratia
991 3606 1104 3670 donata
1138 3607 1292 3671 celsitudo

232 3831 262 3884 11
284 3830 367 3884 Anac.
388 3833 412 3892 2,
432 3835 448 3884 4
506 3832 537 3886 13
557 3831 634 3885 Rom.
655 3831 679 3892 8,
700 3833 733 3886 25
807 3831 852 3884 Ps.
872 3833 915 3895 93,
938 3833 969 3887 15

177 4000 208 4054 10
227 3999 280 4053 hoc
297 4017 333 4052 m.
352 4015 403 4053 ree.
424 4016 456 4053 ex
476 4016 522 4053 coo
541 4016 611 4053 corr.
629 3999 663 4064 C,·
676 3957 740 4054 hoet
791 4002 825 4054 14
844 4001 983 4054 uictoriam
1004 4001 1127 4054 nltimam
1148 4005 1176 4054 et
1194 4017 1288 4070 paoem

136 4087 286 4158 perfectam
306 4085 422 4153 1)οι’1ι·,,ε
500 4090 531 4143 15
552 4087 586 4142 ad
605 4095 633 4142 te
653 4089 780 4142 instituto
800 4091 894 4158 ep¹q,·
913 4105 928 4142 a
948 4093 975 4142 te
995 4091 1050 4142 inst
1079 4089 1291 4159 abdp²kfe;

135 4171 292 4268 lcinstituto,
307 4221 338 4257 ao
357 4203 482 4258 radendo
502 4221 534 4258 ex
553 4221 599 4257 are
618 4207 747 4272 effaetam,
766 4203 811 4270 0²;
830 4205 958 4259 instituto
977 4205 1009 4258 Cl
1021 4206 1030 4258 l
1042 4205 1171 4288 [Domo.
1228 4223 1289 4260 mea

136 4293 170 4347 ad
188 4297 216 4348 te
236 4311 324 4364 prom.
347 4291 457 4361 Clpw.
478 4293 512 4346 ad
531 4299 558 4346 te
578 4310 629 4347 om.
650 4295 799 4362 beqlefv
891 4296 923 4348 16
943 4295 1011 4364 eius]
1031 4312 1079 4348 nro
1099 4311 1181 4348 erasa
1195 4295 1290 4363 priore

133 4383 247 4438 lectione
268 4383 336 4444 eins,
357 4397 371 4436 e
427 4383 458 4434 17
479 4382 624 4436 karissime
645 4383 654 4436 l

1222 4489 1252 4541 μ
