3094 4932
423 422 474 475 De
503 421 677 477 ciuitate
707 422 770 476 dei
798 422 865 477 lib.
894 423 916 480 1.
947 443 1023 494 cap.
1055 427 1077 480 l.
1302 431 1321 493 5

165 619 282 682 bantur
310 639 327 682 a
351 618 575 682 miserantibus
599 619 757 696 hostibus,
788 620 903 702 quibus
929 621 1024 684 etiam
1049 625 1134 684 extra
1158 621 1230 702 ipsa
1252 623 1322 688 loca

164 731 382 809 pepercerant,
406 745 444 790 ne
467 726 499 788 in
524 745 577 791 eos
602 726 806 804 incurrerent,
832 727 886 810 qui
910 726 1046 792 similem
1071 728 1322 794 misericordiam

165 853 228 898 333
252 833 422 898 habebant.
447 831 509 912 Qui
533 837 638 898 tamen
663 833 757 898 etiam
782 834 843 916 ipsi
868 835 944 898 alibi
962 839 1069 898 truces
1089 835 1192 917 adque
1213 835 1322 900 hostili

164 959 253 1004 more
278 939 458 1004 saeuientes
481 943 689 1022 posteaquam
715 941 753 1004 ad
776 941 845 1004 loca
869 941 926 1004 illa
944 941 1123 1018 ueniebant,
1148 942 1202 1004 uhi
1221 942 1323 1006 luerat

132 1069 145 1106 3
164 1046 373 1110 interdictum
393 1046 476 1128 quod
496 1046 572 1110 alibi
591 1047 667 1111 belli
686 1048 754 1111 iure
773 1047 929 1125 licuisset,
953 1051 1021 1114 tota
1039 1047 1170 1112 feriendi
1189 1049 1322 1114 refrena-

163 1155 259 1218 batur
282 1153 451 1218 inmanitas
476 1157 508 1217 et
532 1154 713 1236 captiuandi
738 1154 897 1236 cupiditas
922 1155 1136 1238 frangebatur.
1172 1155 1223 1220 Sic
1248 1175 1320 1220 eua-

165 1267 276 1325 serunt
308 1261 413 1334 multi,
446 1261 500 1343 qui
532 1279 614 1324 nunc
643 1259 830 1325 Christianis
863 1261 1061 1343 temporibus
1091 1261 1262 1327 detrahunt
1291 1265 1322 1326 et

164 1370 259 1446 mala,
286 1386 366 1450 quae
388 1367 445 1430 1113
468 1367 583 1432 3131133
614 1368 753 1449 pertulit,
780 1366 905 1433 Christo
935 1368 1096 1450 inputant;
1126 1367 1208 1432 bona
1236 1389 1321 1439 nero,

167 1495 248 1558 quae
276 1475 309 1538 in
340 1493 393 1538 eos
422 1477 460 1538 ut
487 1475 632 1538 uiuerent
660 1477 789 1557 propter
813 1473 933 1539 Christi
956 1474 1105 1538 honorem
1130 1476 1212 1539 facta
1237 1481 1320 1542 3331.

121 1605 149 1642 ιο
167 1602 228 1646 333
248 1581 397 1664 inputant
417 1579 543 1645 Christo
563 1585 670 1646 nostro
691 1582 746 1646 sed
766 1581 830 1645 1313
851 1600 920 1658 333,
941 1600 1013 1644 cum
1033 1582 1141 1664 potius
1163 1581 1321 1660 deberent,

168 1689 195 1752 si
224 1687 303 1770 quid
325 1686 403 1750 recti
433 1692 589 1768 saperent,
618 1687 684 1762 illa,
715 1688 856 1769 quaeat
882 1686 1030 1751 hostibus
1055 1705 1165 1770 aspera
1190 1691 1221 1752 et
1245 1689 1322 1754 dura

166 1793 310 1878 perpessi
344 1796 430 1872 sunt,
462 1793 511 1856 illi
544 1793 760 1876 prouidentiae
794 1793 919 1858 diuinae
947 1793 1096 1871 tribuere,
1131 1813 1211 1876 quae
1240 1797 1322 1860 solet

169 1903 335 1984 corruptos
369 1901 533 1964 hominum
565 1918 668 1964 mores
701 1899 796 1966 bellis
830 1899 994 1964 emendare
1027 1901 1128 1982 adque
1161 1906 1321 1967 conterere

168 2010 311 2090 itemque
349 2007 449 2070 uitam
482 2007 663 2071 mortalium
697 2007 816 2071 iustam
849 2007 951 2088 adque
984 2007 1175 2072 laudabilem
1203 2008 1321 2072 talibus

123 2135 150 2176 1⁵
169 2114 406 2179 adflictiouihus
435 2131 577 2178 33333333
609 2113 836 2196 probatamque
865 2114 917 2178 uel
945 2113 976 2178 in
1000 2113 1131 2177 meliora
1154 2115 1321 2179 transferre

168 2222 223 2285 uel
245 2222 277 2284 in
302 2219 352 2284 his
376 2221 480 2286 adhuc
503 2221 595 2286 terris
614 2225 742 2304 propter
761 2241 839 2284 3333
859 2220 938 2285 31133
958 2219 1110 2297 detinere:
1135 2220 1216 2284 illud
1235 2241 1320 2296 3333,

168 2328 254 2410 quod
283 2329 329 2392 eis
359 2329 412 2392 uel
440 2329 634 2408 ubicumque
663 2331 790 2410 propter
815 2327 934 2392 Christi
961 2347 1073 2391 nomen
1103 2329 1155 2391 331
1183 2329 1213 2391 in
1240 2329 1320 2394 13313

168 2435 288 2500 Christi
321 2435 442 2500 nomini
474 2435 681 2500 dicatissimis
716 2439 747 2499 et
780 2433 987 2515 amplissimis
1021 2453 1056 2498 ac
1093 2453 1148 2518 pro
1186 2434 1320 2520 largiore

167 2540 385 2605 misericordia
418 2539 457 2606 ad
486 2541 694 2623 capacitatem
722 2539 939 2604 multitudinis
969 2539 1078 2604 electis
1106 2543 1230 2621 praeter
1257 2542 1321 2605 bel-

121 2670 148 2707 33
167 2648 271 2712 lorum
308 2667 429 2712 morem
466 2647 639 2712 truculenti
677 2647 801 2712 barbari
837 2652 1053 2730 pepercerunt,
1092 2647 1151 2710 hoo
1184 2648 1321 2712 tribuere

165 2755 364 2836 temporibus
390 2753 590 2830 Christianis,
624 2754 697 2818 hinc
720 2754 787 2819 Deo
817 2773 909 2838 agere
935 2753 1062 2836 gratias,
1092 2753 1165 2817 hine
1190 2754 1228 2817 ad
1253 2755 1321 2820 eius

166 2881 281 2926 nomen
313 2861 471 2925 ueraciter
503 2879 637 2939 currere,
671 2865 708 2924 ut
741 2861 894 2944 effrrgiant
926 2878 1042 2942 poenas
1074 2859 1159 2944 ignis
1192 2863 1320 2938 aeterni,

166 2949 253 3048 qnod
276 2986 390 3032 nomen
411 2968 504 3031 multi
526 2987 634 3032 eorum
653 2967 849 3032 mendaciter
866 2971 1068 3050 usurparunt,
1093 2970 1130 3030 ut
1149 2967 1321 3052 effingerent

165 3093 285 3156 poenas
309 3074 484 3156 praesentis
509 3075 605 3139 331111.
634 3075 716 3138 Nam
741 3093 821 3156 quos
844 3073 934 3136 uides
958 3075 1136 3155 petulanter
1159 3077 1191 3138 31
1213 3093 1320 3156 33333-

119 3181 246 3244 3331133
273 3182 427 3246 insultare
457 3182 559 3245 seruis
584 3180 712 3249 Christi,
742 3181 873 3244 333113
904 3179 950 3244 eis
978 3180 1116 3262 plurimi,
1146 3181 1200 3261 qui
1227 3181 1320 3246 illurn

164 3287 330 3350 interitum
365 3287 549 3369 clademque
582 3307 642 3352 non
677 3287 866 3361 euasissent,
899 3287 960 3350 3131
994 3305 1103 3350 333333
1134 3286 1252 3352 Christi
1286 3307 1320 3352 33

165 3415 237 3460 3333
265 3395 439 3460 finxissent.
481 3395 522 3460 Et
550 3414 632 3459 nuno
664 3395 788 3478 ingrata
821 3394 968 3478 snperbia
1002 3395 1103 3477 adque
1141 3394 1321 3476 inpiissime

162 3503 290 3567 insania
320 3503 388 3566 eins
414 3502 537 3566 nomini
565 3503 722 3566 resistunt
750 3501 841 3566 eorde
870 3521 1030 3584 33333333,
1059 3507 1096 3566 31
1119 3501 1319 3583 sempiternis

163 3609 503 3691 13331313333133133,
524 3608 563 3672 ad
579 3609 663 3690 quod
679 3628 791 3673 nornen
807 3627 859 3672 333
876 3609 929 3672 331
949 3607 1083 3672 subdolo
1100 3606 1318 3690 confugerunt,

116 3718 203 3778 3331
225 3713 394 3796 temporali
417 3716 489 3779 1333
513 3714 700 3778 fruerentur.

199 3855 294 3923 41113]
314 3854 374 3923 1333
394 3871 412 3906 a
466 3855 482 3908 5
502 3851 568 3906 belli
588 3852 646 3906 iure
667 3852 715 3906 Cb
728 3854 802 3922 lep,·
820 3854 880 3908 iure
899 3853 965 3906 belli
984 3851 1134 3921 quonrb.
1199 3851 1318 3906 refrena·

162 3941 285 3996 3313311
324 3942 461 3996 teristl
508 3941 541 3994 10
561 3939 691 3995 deberent
709 3943 799 4012 potius
816 3941 881 4010 133
928 3941 959 3994 11
980 3940 1175 4008 3331333131ς
1219 3941 1316 4010 laihi]

164 4032 244 4086 aliie
317 4048 393 4100 prou.
414 4029 523 4084 diuinae
546 4029 656 4099 01333
678 4029 731 4084 diu.
751 4047 826 4099 prou.
847 4029 971 4098 adeqv
989 4029 1088 4083 Donat.
1153 4029 1186 4082 18
1206 4029 1317 4083 dicatis-

163 4121 239 4174 simis
256 4119 281 4173 C
289 4121 332 4173 ab
347 4118 419 4188 elp²
430 4135 446 4187 3
456 4119 544 4186 ab&
557 4117 669 4172 indicat.
680 4118 730 4187 p¹,·
745 4118 861 4172 dedicat.
874 4136 890 4172 o
929 4119 961 4171 19
976 4117 1019 4187 adl
1036 4122 1118 4186 atque
1134 4136 1151 4169 α
1187 4119 1219 4170 21
1237 4133 1317 4186 agere

164 4210 268 4279 gratias
287 4225 365 4274 3333.;
384 4212 454 4278 grat.
475 4223 552 4276 ag.o
616 4209 649 4260 22
668 4225 766 4262 nomen
786 4225 837 4262 333.
858 4225 876 4260 a
939 4205 1079 4260 romuleo
1100 4205 1121 4258 l¹
1183 4208 1316 4286 213313-

163 4325 300 4378 lantesC
344 4323 378 4377 26
398 4339 426 4376 33
446 4339 538 4376 333333
559 4321 653 4376 christi
673 4339 730 4377 esse
750 4323 802 4388 kf
842 4323 1063 4376 bressenco
1107 4323 1141 4374 29
1162 4287 1319 4374 33111313(Ι
