<?xml version="1.0" encoding="UTF-8"?>
<!DOCTYPE html PUBLIC "-//W3C//DTD XHTML 1.0 Transitional//EN"
    "http://www.w3.org/TR/xhtml1/DTD/xhtml1-transitional.dtd">
<html xmlns="http://www.w3.org/1999/xhtml" xml:lang="en" lang="en">
 <head>
  <title>
</title>
<meta http-equiv="Content-Type" content="text/html;charset=utf-8" />
  <meta name='ocr-system' content='tesseract 3.04.00' />
  <meta name='ocr-capabilities' content='ocr_page ocr_carea ocr_par ocr_line ocrx_word'/>
</head>
<body>
  <div class='ocr_page' id='page_1' title='image "./corpusscriptoru20wiengoog_0361.png"; bbox 0 0 3108 4926; ppageno 0'>
   <div class='ocr_carea' id='block_1_1' title="bbox 296 441 1098 514">
    <p class='ocr_par' dir='ltr' id='par_1_1' title="bbox 296 441 1098 514">
     <span class='ocr_line' id='line_1_1' title="bbox 296 441 1098 514; baseline -0.024 -1"><span class='ocrx_word' id='word_1_1' title='bbox 296 450 361 514; x_wconf 85' lang='lat'><strong>330</strong></span> <span class='ocrx_word' id='word_1_2' title='bbox 640 445 666 499; x_wconf 85' lang='lat' dir='ltr'><strong>S.</strong></span> <span class='ocrx_word' id='word_1_3' title='bbox 694 443 852 498; x_wconf 81' lang='lat' dir='ltr'><strong>Aurelii</strong></span> <span class='ocrx_word' id='word_1_4' title='bbox 879 441 1098 512; x_wconf 79' lang='lat' dir='ltr'><strong>Augustini</strong></span> 
     </span>
    </p>
   </div>
   <div class='ocr_carea' id='block_1_2' title="bbox 294 633 1480 1152">
    <p class='ocr_par' dir='ltr' id='par_1_2' title="bbox 294 633 1480 1152">
     <span class='ocr_line' id='line_1_2' title="bbox 295 633 1443 723; baseline -0.007 -17"><span class='ocrx_word' id='word_1_5' title='bbox 295 641 471 706; x_wconf 74' lang='lat' dir='ltr'><strong>abstulerat</strong></span> <span class='ocrx_word' id='word_1_6' title='bbox 506 643 537 704; x_wconf 89' lang='lat' dir='ltr'><strong>et</strong></span> <span class='ocrx_word' id='word_1_7' title='bbox 564 643 643 723; x_wconf 87' lang='lat' dir='ltr'><strong>aput</strong></span> <span class='ocrx_word' id='word_1_8' title='bbox 669 639 785 704; x_wconf 87' lang='lat' dir='ltr'><strong>inferos</strong></span> <span class='ocrx_word' id='word_1_9' title='bbox 814 639 1004 713; x_wconf 88' lang='lat' dir='ltr'><strong>detinuerat;</strong></span> <span class='ocrx_word' id='word_1_10' title='bbox 1040 657 1119 720; x_wconf 88' lang='lat' dir='ltr'><strong>quae</strong></span> <span class='ocrx_word' id='word_1_11' title='bbox 1146 655 1198 701; x_wconf 88' lang='lat' dir='ltr'><strong>res</strong></span> <span class='ocrx_word' id='word_1_12' title='bbox 1227 655 1299 701; x_wconf 90' lang='lat' dir='ltr'><strong>cum</strong></span> <span class='ocrx_word' id='word_1_13' title='bbox 1325 633 1443 700; x_wconf 85' lang='lat' dir='ltr'><strong>fuisset</strong></span> 
     </span>
     <span class='ocr_line' id='line_1_3' title="bbox 294 741 1442 831; baseline -0.006 -20"><span class='ocrx_word' id='word_1_14' title='bbox 294 748 385 814; x_wconf 89' lang='lat' dir='ltr'><strong>luctu</strong></span> <span class='ocrx_word' id='word_1_15' title='bbox 412 747 541 831; x_wconf 88' lang='lat' dir='ltr'><strong>publico</strong></span> <span class='ocrx_word' id='word_1_16' title='bbox 571 747 738 826; x_wconf 87' lang='lat' dir='ltr'><strong>celebrata,</strong></span> <span class='ocrx_word' id='word_1_17' title='bbox 762 748 837 829; x_wconf 88' lang='lat' dir='ltr'><strong>quia</strong></span> <span class='ocrx_word' id='word_1_18' title='bbox 862 765 974 811; x_wconf 89' lang='lat' dir='ltr'><strong>rursus</strong></span> <span class='ocrx_word' id='word_1_19' title='bbox 1003 745 1113 810; x_wconf 88' lang='lat' dir='ltr'><strong>eadem</strong></span> <span class='ocrx_word' id='word_1_20' title='bbox 1135 743 1313 808; x_wconf 78' lang='lat' dir='ltr'><strong>fecunditas</strong></span> <span class='ocrx_word' id='word_1_21' title='bbox 1335 741 1442 818; x_wconf 80' lang='lat' dir='ltr'><strong>rediit,</strong></span> 
     </span>
     <span class='ocr_line' id='line_1_4' title="bbox 294 847 1445 936; baseline -0.008 -16"><span class='ocrx_word' id='word_1_22' title='bbox 294 855 483 936; x_wconf 84' lang='lat' dir='ltr'><strong>Proserpina</strong></span> <span class='ocrx_word' id='word_1_23' title='bbox 504 854 627 919; x_wconf 89' lang='lat' dir='ltr'><strong>reddita</strong></span> <span class='ocrx_word' id='word_1_24' title='bbox 650 857 790 919; x_wconf 85' lang='lat' dir='ltr'><strong>exortam</strong></span> <span class='ocrx_word' id='word_1_25' title='bbox 813 873 884 919; x_wconf 87' lang='lat' dir='ltr'><strong>esse</strong></span> <span class='ocrx_word' id='word_1_26' title='bbox 907 853 1063 918; x_wconf 87' lang='lat' dir='ltr'><strong>laetitiam</strong></span> <span class='ocrx_word' id='word_1_27' title='bbox 1088 856 1120 916; x_wconf 91' lang='lat' dir='ltr'><strong>et</strong></span> <span class='ocrx_word' id='word_1_28' title='bbox 1143 869 1179 914; x_wconf 84' lang='lat' dir='ltr'><strong>ex</strong></span> <span class='ocrx_word' id='word_1_29' title='bbox 1196 850 1257 914; x_wconf 89' lang='lat' dir='ltr'><strong>hoo</strong></span> <span class='ocrx_word' id='word_1_30' title='bbox 1277 847 1445 914; x_wconf 86' lang='lat' dir='ltr'><strong>sollemnia</strong></span> 
     </span>
     <span class='ocr_line' id='line_1_5' title="bbox 295 955 1441 1042; baseline -0.008 -17"><span class='ocrx_word' id='word_1_31' title='bbox 295 962 478 1026; x_wconf 86' lang='lat' dir='ltr'><strong>constituta.</strong></span> <span class='ocrx_word' id='word_1_32' title='bbox 518 960 606 1025; x_wconf 84' lang='lat' dir='ltr'><strong>Dicit</strong></span> <span class='ocrx_word' id='word_1_33' title='bbox 633 960 744 1025; x_wconf 90' lang='lat' dir='ltr'><strong>deinde</strong></span> <span class='ocrx_word' id='word_1_34' title='bbox 773 959 876 1025; x_wconf 89' lang='lat' dir='ltr'><strong>multa</strong></span> <span class='ocrx_word' id='word_1_35' title='bbox 902 959 934 1023; x_wconf 91' lang='lat' dir='ltr'><strong>in</strong></span> <span class='ocrx_word' id='word_1_36' title='bbox 962 959 1122 1042; x_wconf 85' lang='lat' dir='ltr'><strong>mysteriis</strong></span> <span class='ocrx_word' id='word_1_37' title='bbox 1152 957 1221 1022; x_wconf 92' lang='lat' dir='ltr'><strong>eius</strong></span> <span class='ocrx_word' id='word_1_38' title='bbox 1245 955 1335 1034; x_wconf 79' lang='lat' dir='ltr'><strong>tradi,</strong></span> <span class='ocrx_word' id='word_1_39' title='bbox 1361 971 1441 1037; x_wconf 89' lang='lat' dir='ltr'><strong>quae</strong></span> 
     </span>
     <span class='ocr_line' id='line_1_6' title="bbox 295 1065 1480 1152; baseline -0.003 -20"><span class='ocrx_word' id='word_1_40' title='bbox 295 1067 356 1132; x_wconf 89' lang='lat' dir='ltr'><strong>nisi</strong></span> <span class='ocrx_word' id='word_1_41' title='bbox 380 1068 417 1132; x_wconf 89' lang='lat' dir='ltr'><strong>ad</strong></span> <span class='ocrx_word' id='word_1_42' title='bbox 441 1067 570 1152; x_wconf 83' lang='lat' dir='ltr'><strong>frugum</strong></span> <span class='ocrx_word' id='word_1_43' title='bbox 592 1067 808 1132; x_wconf 88' lang='lat' dir='ltr'><strong>inuentionem</strong></span> <span class='ocrx_word' id='word_1_44' title='bbox 832 1085 893 1131; x_wconf 92' lang='lat' dir='ltr'><strong>non</strong></span> <span class='ocrx_word' id='word_1_45' title='bbox 917 1065 1102 1150; x_wconf 87' lang='lat' dir='ltr'><strong>pertineant.</strong></span> <span class='ocrx_word' id='word_1_46' title='bbox 1468 1077 1480 1117; x_wconf 81' lang='lat'>⁵</span> 
     </span>
    </p>
   </div>
   <div class='ocr_carea' id='block_1_3' title="bbox 745 1258 990 1326">
    <p class='ocr_par' dir='ltr' id='par_1_3' title="bbox 745 1258 990 1326">
     <span class='ocr_line' id='line_1_7' title="bbox 745 1258 990 1326; baseline -0.012 0"><span class='ocrx_word' id='word_1_47' title='bbox 745 1259 881 1326; x_wconf 79' lang='lat' dir='ltr'>CAPUT</span> <span class='ocrx_word' id='word_1_48' title='bbox 906 1258 990 1323; x_wconf 89' lang='lat' dir='ltr'>XXI.</span> 
     </span>
    </p>
   </div>
   <div class='ocr_carea' id='block_1_4' title="bbox 295 1398 1439 1572">
    <p class='ocr_par' dir='ltr' id='par_1_4' title="bbox 295 1398 1439 1572">
     <span class='ocr_line' id='line_1_8' title="bbox 295 1398 1439 1483; baseline -0.004 -18"><span class='ocrx_word' id='word_1_49' title='bbox 295 1401 348 1466; x_wconf 90' lang='lat' dir='ltr'><strong>De</strong></span> <span class='ocrx_word' id='word_1_50' title='bbox 386 1401 648 1483; x_wconf 82' lang='lat' dir='ltr'><strong>turpitudine</strong></span> <span class='ocrx_word' id='word_1_51' title='bbox 687 1420 904 1476; x_wconf 87' lang='lat' dir='ltr'><strong>sacrorum,</strong></span> <span class='ocrx_word' id='word_1_52' title='bbox 938 1419 1039 1482; x_wconf 87' lang='lat' dir='ltr'><strong>quae</strong></span> <span class='ocrx_word' id='word_1_53' title='bbox 1077 1399 1224 1464; x_wconf 89' lang='lat' dir='ltr'><strong>Libero</strong></span> <span class='ocrx_word' id='word_1_54' title='bbox 1265 1398 1439 1464; x_wconf 87' lang='lat' dir='ltr'><strong>celebra-</strong></span> 
     </span>
     <span class='ocr_line' id='line_1_9' title="bbox 787 1506 944 1572; baseline 0 -2"><span class='ocrx_word' id='word_1_55' title='bbox 787 1506 944 1572; x_wconf 74' lang='lat' dir='ltr'><strong>bantur</strong></span> 
     </span>
    </p>
   </div>
   <div class='ocr_carea' id='block_1_5' title="bbox 291 1647 1477 3650">
    <p class='ocr_par' dir='ltr' id='par_1_5' title="bbox 291 1647 1477 3650">
     <span class='ocr_line' id='line_1_10' title="bbox 338 1647 1437 1730; baseline -0.004 -17"><span class='ocrx_word' id='word_1_56' title='bbox 338 1650 405 1714; x_wconf 91' lang='lat' dir='ltr'><strong>lam</strong></span> <span class='ocrx_word' id='word_1_57' title='bbox 428 1667 503 1713; x_wconf 92' lang='lat' dir='ltr'><strong>uero</strong></span> <span class='ocrx_word' id='word_1_58' title='bbox 522 1648 626 1713; x_wconf 85' lang='lat' dir='ltr'><strong>Liberi</strong></span> <span class='ocrx_word' id='word_1_59' title='bbox 650 1667 750 1726; x_wconf 75' lang='lat' dir='ltr'><strong>saera,</strong></span> <span class='ocrx_word' id='word_1_60' title='bbox 770 1667 865 1730; x_wconf 89' lang='lat' dir='ltr'><strong>quem</strong></span> <span class='ocrx_word' id='word_1_61' title='bbox 888 1647 1019 1730; x_wconf 90' lang='lat' dir='ltr'><strong>liquidis</strong></span> <span class='ocrx_word' id='word_1_62' title='bbox 1044 1647 1218 1712; x_wconf 90' lang='lat' dir='ltr'><strong>seminibus</strong></span> <span class='ocrx_word' id='word_1_63' title='bbox 1243 1667 1279 1712; x_wconf 90' lang='lat' dir='ltr'><strong>ac</strong></span> <span class='ocrx_word' id='word_1_64' title='bbox 1304 1667 1357 1730; x_wconf 93' lang='lat' dir='ltr'><strong>per</strong></span> <span class='ocrx_word' id='word_1_65' title='bbox 1378 1647 1437 1710; x_wconf 92' lang='lat' dir='ltr'><strong>hoc</strong></span> 
     </span>
     <span class='ocr_line' id='line_1_11' title="bbox 293 1753 1477 1836; baseline -0.002 -18"><span class='ocrx_word' id='word_1_66' title='bbox 293 1774 353 1819; x_wconf 91' lang='lat' dir='ltr'><strong>non</strong></span> <span class='ocrx_word' id='word_1_67' title='bbox 379 1755 483 1819; x_wconf 91' lang='lat' dir='ltr'><strong>solum</strong></span> <span class='ocrx_word' id='word_1_68' title='bbox 506 1754 685 1836; x_wconf 87' lang='lat' dir='ltr'><strong>liquoribus</strong></span> <span class='ocrx_word' id='word_1_69' title='bbox 708 1753 882 1832; x_wconf 87' lang='lat' dir='ltr'><strong>fructuum,</strong></span> <span class='ocrx_word' id='word_1_70' title='bbox 903 1772 1038 1836; x_wconf 91' lang='lat' dir='ltr'><strong>quornm</strong></span> <span class='ocrx_word' id='word_1_71' title='bbox 1058 1753 1195 1835; x_wconf 88' lang='lat' dir='ltr'><strong>quodam</strong></span> <span class='ocrx_word' id='word_1_72' title='bbox 1214 1753 1307 1818; x_wconf 91' lang='lat' dir='ltr'><strong>modo</strong></span> <span class='ocrx_word' id='word_1_73' title='bbox 1326 1754 1437 1835; x_wconf 87' lang='lat' dir='ltr'><strong>prima·</strong></span> <span class='ocrx_word' id='word_1_74' title='bbox 1454 1769 1477 1810; x_wconf 82' lang='grc' dir='ltr'><strong>ιο</strong></span> 
     </span>
     <span class='ocr_line' id='line_1_12' title="bbox 292 1858 1437 1944; baseline -0.003 -19"><span class='ocrx_word' id='word_1_75' title='bbox 292 1863 363 1926; x_wconf 92' lang='lat' dir='ltr'><strong>tum</strong></span> <span class='ocrx_word' id='word_1_76' title='bbox 386 1860 497 1924; x_wconf 90' lang='lat' dir='ltr'><strong>uinum</strong></span> <span class='ocrx_word' id='word_1_77' title='bbox 520 1863 616 1936; x_wconf 87' lang='lat' dir='ltr'><strong>tenet,</strong></span> <span class='ocrx_word' id='word_1_78' title='bbox 637 1879 748 1924; x_wconf 90' lang='lat' dir='ltr'><strong>uerum</strong></span> <span class='ocrx_word' id='word_1_79' title='bbox 773 1860 868 1924; x_wconf 89' lang='lat' dir='ltr'><strong>etiam</strong></span> <span class='ocrx_word' id='word_1_80' title='bbox 889 1860 1062 1926; x_wconf 88' lang='lat' dir='ltr'><strong>seminibus</strong></span> <span class='ocrx_word' id='word_1_81' title='bbox 1082 1858 1265 1925; x_wconf 87' lang='lat' dir='ltr'><strong>animalium</strong></span> <span class='ocrx_word' id='word_1_82' title='bbox 1285 1861 1437 1944; x_wconf 86' lang='lat' dir='ltr'><strong>praefece-</strong></span> 
     </span>
     <span class='ocr_line' id='line_1_13' title="bbox 292 1964 1436 2050; baseline -0.003 -19"><span class='ocrx_word' id='word_1_83' title='bbox 292 1970 376 2044; x_wconf 78' lang='lat' dir='ltr'><strong>runt,</strong></span> <span class='ocrx_word' id='word_1_84' title='bbox 393 1967 431 2031; x_wconf 89' lang='lat' dir='ltr'><strong>ad</strong></span> <span class='ocrx_word' id='word_1_85' title='bbox 446 1969 595 2049; x_wconf 88' lang='lat' dir='ltr'><strong>quantam</strong></span> <span class='ocrx_word' id='word_1_86' title='bbox 615 1964 845 2049; x_wconf 82' lang='lat' dir='ltr'><strong>turpitudinem</strong></span> <span class='ocrx_word' id='word_1_87' title='bbox 860 1967 1068 2050; x_wconf 77' lang='lat' dir='ltr'><strong>perruperint,</strong></span> <span class='ocrx_word' id='word_1_88' title='bbox 1083 1965 1172 2050; x_wconf 86' lang='lat' dir='ltr'><strong>piget</strong></span> <span class='ocrx_word' id='word_1_89' title='bbox 1192 1967 1318 2048; x_wconf 92' lang='lat' dir='ltr'><strong>quidem</strong></span> <span class='ocrx_word' id='word_1_90' title='bbox 1336 1967 1436 2031; x_wconf 86' lang='lat' dir='ltr'><strong>dicere</strong></span> 
     </span>
     <span class='ocr_line' id='line_1_14' title="bbox 293 2072 1433 2156; baseline -0.001 -19"><span class='ocrx_word' id='word_1_91' title='bbox 293 2078 422 2156; x_wconf 90' lang='lat' dir='ltr'><strong>propter</strong></span> <span class='ocrx_word' id='word_1_92' title='bbox 446 2072 599 2137; x_wconf 89' lang='lat' dir='ltr'><strong>sermonis</strong></span> <span class='ocrx_word' id='word_1_93' title='bbox 623 2073 870 2156; x_wconf 89' lang='lat' dir='ltr'><strong>longitndiuem;</strong></span> <span class='ocrx_word' id='word_1_94' title='bbox 896 2072 953 2137; x_wconf 91' lang='lat' dir='ltr'><strong>sed</strong></span> <span class='ocrx_word' id='word_1_95' title='bbox 970 2075 1099 2155; x_wconf 89' lang='lat' dir='ltr'><strong>propter</strong></span> <span class='ocrx_word' id='word_1_96' title='bbox 1116 2073 1252 2138; x_wconf 89' lang='lat' dir='ltr'><strong>istorum</strong></span> <span class='ocrx_word' id='word_1_97' title='bbox 1272 2073 1433 2155; x_wconf 91' lang='lat' dir='ltr'><strong>superbam</strong></span> 
     </span>
     <span class='ocr_line' id='line_1_15' title="bbox 294 2179 1435 2263; baseline 0 -21"><span class='ocrx_word' id='word_1_98' title='bbox 294 2179 518 2244; x_wconf 89' lang='lat' dir='ltr'><strong>hebetudinem</strong></span> <span class='ocrx_word' id='word_1_99' title='bbox 542 2199 604 2243; x_wconf 92' lang='lat' dir='ltr'><strong>non</strong></span> <span class='ocrx_word' id='word_1_100' title='bbox 623 2179 722 2263; x_wconf 84' lang='lat' dir='ltr'><strong>piget.</strong></span> <span class='ocrx_word' id='word_1_101' title='bbox 746 2179 832 2243; x_wconf 92' lang='lat' dir='ltr'><strong>Inter</strong></span> <span class='ocrx_word' id='word_1_102' title='bbox 851 2181 965 2256; x_wconf 86' lang='lat' dir='ltr'><strong>cetera,</strong></span> <span class='ocrx_word' id='word_1_103' title='bbox 986 2199 1065 2261; x_wconf 85' lang='lat' dir='ltr'><strong>quae</strong></span> <span class='ocrx_word' id='word_1_104' title='bbox 1084 2179 1344 2261; x_wconf 78' lang='lat' dir='ltr'><strong>praetermittere,</strong></span> <span class='ocrx_word' id='word_1_105' title='bbox 1364 2197 1435 2262; x_wconf 92' lang='lat' dir='ltr'><strong>quo·</strong></span> 
     </span>
     <span class='ocr_line' id='line_1_16' title="bbox 294 2285 1472 2370; baseline -0.002 -22"><span class='ocrx_word' id='word_1_106' title='bbox 294 2286 377 2349; x_wconf 91' lang='lat' dir='ltr'><strong>niam</strong></span> <span class='ocrx_word' id='word_1_107' title='bbox 410 2287 513 2350; x_wconf 91' lang='lat' dir='ltr'><strong>multa</strong></span> <span class='ocrx_word' id='word_1_108' title='bbox 545 2289 630 2363; x_wconf 87' lang='lat' dir='ltr'><strong>sunt,</strong></span> <span class='ocrx_word' id='word_1_109' title='bbox 660 2303 765 2370; x_wconf 84' lang='lat' dir='ltr'><strong>cogor,</strong></span> <span class='ocrx_word' id='word_1_110' title='bbox 794 2287 826 2350; x_wconf 93' lang='lat' dir='ltr'><strong>in</strong></span> <span class='ocrx_word' id='word_1_111' title='bbox 855 2287 966 2350; x_wconf 89' lang='lat' dir='ltr'><strong>Italiae</strong></span> <span class='ocrx_word' id='word_1_112' title='bbox 999 2285 1147 2369; x_wconf 89' lang='lat' dir='ltr'><strong>compitis</strong></span> <span class='ocrx_word' id='word_1_113' title='bbox 1181 2285 1333 2369; x_wconf 88' lang='lat' dir='ltr'><strong>quaedam</strong></span> <span class='ocrx_word' id='word_1_114' title='bbox 1361 2285 1434 2350; x_wconf 89' lang='lat' dir='ltr'><strong>dicit</strong></span> <span class='ocrx_word' id='word_1_115' title='bbox 1451 2303 1472 2346; x_wconf 67' lang='grc' dir='ltr'><strong>ιε</strong></span> 
     </span>
     <span class='ocr_line' id='line_1_17' title="bbox 294 2391 1433 2475; baseline 0 -19"><span class='ocrx_word' id='word_1_116' title='bbox 294 2411 383 2457; x_wconf 87' lang='lat' dir='ltr'><strong>sacra</strong></span> <span class='ocrx_word' id='word_1_117' title='bbox 410 2391 515 2456; x_wconf 86' lang='lat' dir='ltr'><strong>Liberi</strong></span> <span class='ocrx_word' id='word_1_118' title='bbox 544 2391 701 2457; x_wconf 86' lang='lat' dir='ltr'><strong>celebrata</strong></span> <span class='ocrx_word' id='word_1_119' title='bbox 729 2411 801 2457; x_wconf 90' lang='lat' dir='ltr'><strong>oum</strong></span> <span class='ocrx_word' id='word_1_120' title='bbox 830 2395 919 2457; x_wconf 88' lang='lat' dir='ltr'><strong>tanta</strong></span> <span class='ocrx_word' id='word_1_121' title='bbox 946 2392 1074 2458; x_wconf 89' lang='lat' dir='ltr'><strong>lieentia</strong></span> <span class='ocrx_word' id='word_1_122' title='bbox 1102 2393 1320 2475; x_wconf 74' lang='lat' dir='ltr'><strong>turpitudinis</strong></span> <span class='ocrx_word' id='word_1_123' title='bbox 1344 2395 1379 2456; x_wconf 88' lang='lat' dir='ltr'><strong>ut</strong></span> <span class='ocrx_word' id='word_1_124' title='bbox 1402 2393 1433 2456; x_wconf 93' lang='lat' dir='ltr'><strong>in</strong></span> 
     </span>
     <span class='ocr_line' id='line_1_18' title="bbox 293 2498 1434 2581; baseline -0.001 -18"><span class='ocrx_word' id='word_1_125' title='bbox 293 2499 361 2564; x_wconf 91' lang='lat' dir='ltr'><strong>eius</strong></span> <span class='ocrx_word' id='word_1_126' title='bbox 389 2500 538 2563; x_wconf 90' lang='lat' dir='ltr'><strong>honorem</strong></span> <span class='ocrx_word' id='word_1_127' title='bbox 568 2498 715 2581; x_wconf 90' lang='lat' dir='ltr'><strong>pudenda</strong></span> <span class='ocrx_word' id='word_1_128' title='bbox 738 2499 844 2563; x_wconf 84' lang='lat' dir='ltr'><strong>uirilis</strong></span> <span class='ocrx_word' id='word_1_129' title='bbox 868 2501 1055 2576; x_wconf 82' lang='lat' dir='ltr'><strong>colerentur,</strong></span> <span class='ocrx_word' id='word_1_130' title='bbox 1079 2519 1138 2564; x_wconf 90' lang='lat' dir='ltr'><strong>non</strong></span> <span class='ocrx_word' id='word_1_131' title='bbox 1164 2500 1276 2564; x_wconf 89' lang='lat' dir='ltr'><strong>saltem</strong></span> <span class='ocrx_word' id='word_1_132' title='bbox 1302 2499 1434 2581; x_wconf 89' lang='lat' dir='ltr'><strong>aliquan-</strong></span> 
     </span>
     <span class='ocr_line' id='line_1_19' title="bbox 292 2604 1432 2688; baseline -0.001 -19"><span class='ocrx_word' id='word_1_133' title='bbox 292 2609 362 2669; x_wconf 91' lang='lat' dir='ltr'><strong>tum</strong></span> <span class='ocrx_word' id='word_1_134' title='bbox 385 2604 611 2668; x_wconf 83' lang='lat' dir='ltr'><strong>uerecundiam</strong></span> <span class='ocrx_word' id='word_1_135' title='bbox 636 2609 768 2681; x_wconf 81' lang='lat' dir='ltr'><strong>secreto,</strong></span> <span class='ocrx_word' id='word_1_136' title='bbox 794 2605 850 2670; x_wconf 91' lang='lat' dir='ltr'><strong>sed</strong></span> <span class='ocrx_word' id='word_1_137' title='bbox 873 2606 905 2669; x_wconf 91' lang='lat' dir='ltr'><strong>in</strong></span> <span class='ocrx_word' id='word_1_138' title='bbox 924 2607 1091 2688; x_wconf 91' lang='lat' dir='ltr'><strong>propatulo</strong></span> <span class='ocrx_word' id='word_1_139' title='bbox 1112 2606 1271 2671; x_wconf 86' lang='lat' dir='ltr'><strong>exultante</strong></span> <span class='ocrx_word' id='word_1_140' title='bbox 1291 2605 1432 2688; x_wconf 88' lang='lat' dir='ltr'><strong>nequitia.</strong></span> 
     </span>
     <span class='ocr_line' id='line_1_20' title="bbox 292 2713 1432 2796; baseline -0.002 -19"><span class='ocrx_word' id='word_1_141' title='bbox 292 2713 372 2777; x_wconf 89' lang='lat' dir='ltr'><strong>Nam</strong></span> <span class='ocrx_word' id='word_1_142' title='bbox 401 2713 462 2777; x_wconf 90' lang='lat' dir='ltr'><strong>boc</strong></span> <span class='ocrx_word' id='word_1_143' title='bbox 489 2716 580 2796; x_wconf 90' lang='lat' dir='ltr'><strong>turpe</strong></span> <span class='ocrx_word' id='word_1_144' title='bbox 603 2714 782 2777; x_wconf 85' lang='lat' dir='ltr'><strong>membrum</strong></span> <span class='ocrx_word' id='word_1_145' title='bbox 806 2733 862 2796; x_wconf 93' lang='lat' dir='ltr'><strong>per</strong></span> <span class='ocrx_word' id='word_1_146' title='bbox 884 2713 989 2778; x_wconf 88' lang='lat' dir='ltr'><strong>Liberi</strong></span> <span class='ocrx_word' id='word_1_147' title='bbox 1013 2713 1079 2778; x_wconf 89' lang='lat' dir='ltr'><strong>dies</strong></span> <span class='ocrx_word' id='word_1_148' title='bbox 1102 2713 1202 2779; x_wconf 83' lang='lat' dir='ltr'><strong>festos</strong></span> <span class='ocrx_word' id='word_1_149' title='bbox 1227 2733 1301 2778; x_wconf 89' lang='lat' dir='ltr'><strong>cnm</strong></span> <span class='ocrx_word' id='word_1_150' title='bbox 1324 2714 1432 2778; x_wconf 89' lang='lat' dir='ltr'><strong>honore</strong></span> 
     </span>
     <span class='ocr_line' id='line_1_21' title="bbox 291 2819 1469 2903; baseline -0.002 -21"><span class='ocrx_word' id='word_1_151' title='bbox 291 2838 406 2902; x_wconf 89' lang='lat' dir='ltr'><strong>magno</strong></span> <span class='ocrx_word' id='word_1_152' title='bbox 434 2819 593 2902; x_wconf 88' lang='lat' dir='ltr'><strong>plostellis</strong></span> <span class='ocrx_word' id='word_1_153' title='bbox 621 2819 796 2902; x_wconf 91' lang='lat' dir='ltr'><strong>inpositum</strong></span> <span class='ocrx_word' id='word_1_154' title='bbox 824 2820 913 2902; x_wconf 89' lang='lat' dir='ltr'><strong>prius</strong></span> <span class='ocrx_word' id='word_1_155' title='bbox 940 2839 1011 2885; x_wconf 88' lang='lat' dir='ltr'><strong>rure</strong></span> <span class='ocrx_word' id='word_1_156' title='bbox 1039 2821 1070 2884; x_wconf 94' lang='lat' dir='ltr'><strong>in</strong></span> <span class='ocrx_word' id='word_1_157' title='bbox 1100 2819 1248 2903; x_wconf 87' lang='lat' dir='ltr'><strong>compitis</strong></span> <span class='ocrx_word' id='word_1_158' title='bbox 1278 2823 1310 2884; x_wconf 91' lang='lat' dir='ltr'><strong>ct</strong></span> <span class='ocrx_word' id='word_1_159' title='bbox 1336 2837 1431 2903; x_wconf 88' lang='lat' dir='ltr'><strong>usque</strong></span> <span class='ocrx_word' id='word_1_160' title='bbox 1447 2838 1469 2879; x_wconf 81' lang='lat' dir='ltr'><strong>rr</strong></span> 
     </span>
     <span class='ocr_line' id='line_1_22' title="bbox 292 2926 1432 3009; baseline 0.001 -20"><span class='ocrx_word' id='word_1_161' title='bbox 292 2926 323 2989; x_wconf 90' lang='lat' dir='ltr'><strong>in</strong></span> <span class='ocrx_word' id='word_1_162' title='bbox 353 2926 463 2990; x_wconf 90' lang='lat' dir='ltr'><strong>urbem</strong></span> <span class='ocrx_word' id='word_1_163' title='bbox 490 2929 602 3008; x_wconf 88' lang='lat' dir='ltr'><strong>postea</strong></span> <span class='ocrx_word' id='word_1_164' title='bbox 630 2926 828 2994; x_wconf 88' lang='lat' dir='ltr'><strong>uectabatur.</strong></span> <span class='ocrx_word' id='word_1_165' title='bbox 865 2927 901 2992; x_wconf 93' lang='lat' dir='ltr'><strong>In</strong></span> <span class='ocrx_word' id='word_1_166' title='bbox 932 2927 1046 3009; x_wconf 95' lang='lat' dir='ltr'><strong>oppido</strong></span> <span class='ocrx_word' id='word_1_167' title='bbox 1071 2929 1178 2992; x_wconf 88' lang='lat' dir='ltr'><strong>autem</strong></span> <span class='ocrx_word' id='word_1_168' title='bbox 1200 2926 1334 2992; x_wconf 87' lang='lat' dir='ltr'><strong>Lauinio</strong></span> <span class='ocrx_word' id='word_1_169' title='bbox 1356 2945 1432 2992; x_wconf 91' lang='lat' dir='ltr'><strong>unus</strong></span> 
     </span>
     <span class='ocr_line' id='line_1_23' title="bbox 292 3031 1431 3112; baseline -0.001 -16"><span class='ocrx_word' id='word_1_170' title='bbox 292 3031 404 3096; x_wconf 90' lang='lat' dir='ltr'><strong>Libero</strong></span> <span class='ocrx_word' id='word_1_171' title='bbox 433 3033 521 3096; x_wconf 86' lang='lat' dir='ltr'><strong>totus</strong></span> <span class='ocrx_word' id='word_1_172' title='bbox 550 3032 670 3096; x_wconf 88' lang='lat' dir='ltr'><strong>mensis</strong></span> <span class='ocrx_word' id='word_1_173' title='bbox 696 3033 906 3112; x_wconf 83' lang='lat' dir='ltr'><strong>tribuebatur,</strong></span> <span class='ocrx_word' id='word_1_174' title='bbox 935 3034 1026 3098; x_wconf 89' lang='lat' dir='ltr'><strong>cuius</strong></span> <span class='ocrx_word' id='word_1_175' title='bbox 1055 3033 1167 3097; x_wconf 90' lang='lat' dir='ltr'><strong>diebus</strong></span> <span class='ocrx_word' id='word_1_176' title='bbox 1196 3052 1306 3098; x_wconf 89' lang='lat' dir='ltr'><strong>omnes</strong></span> <span class='ocrx_word' id='word_1_177' title='bbox 1333 3033 1431 3098; x_wconf 89' lang='lat' dir='ltr'><strong>uerbis</strong></span> 
     </span>
     <span class='ocr_line' id='line_1_24' title="bbox 293 3136 1432 3223; baseline 0.001 -23"><span class='ocrx_word' id='word_1_178' title='bbox 293 3136 553 3222; x_wconf 82' lang='lat' dir='ltr'><strong>flagitiosissimis</strong></span> <span class='ocrx_word' id='word_1_179' title='bbox 587 3142 759 3220; x_wconf 87' lang='lat' dir='ltr'><strong>uterentur,</strong></span> <span class='ocrx_word' id='word_1_180' title='bbox 793 3139 892 3204; x_wconf 89' lang='lat' dir='ltr'><strong>donec</strong></span> <span class='ocrx_word' id='word_1_181' title='bbox 925 3139 1004 3202; x_wconf 90' lang='lat' dir='ltr'><strong>illud</strong></span> <span class='ocrx_word' id='word_1_182' title='bbox 1036 3138 1213 3203; x_wconf 89' lang='lat' dir='ltr'><strong>membrum</strong></span> <span class='ocrx_word' id='word_1_183' title='bbox 1246 3159 1302 3223; x_wconf 90' lang='lat' dir='ltr'><strong>per</strong></span> <span class='ocrx_word' id='word_1_184' title='bbox 1337 3139 1432 3204; x_wconf 84' lang='lat' dir='ltr'><strong>iorum</strong></span> 
     </span>
     <span class='ocr_line' id='line_1_25' title="bbox 293 3244 1432 3328; baseline 0 -20"><span class='ocrx_word' id='word_1_185' title='bbox 293 3247 510 3309; x_wconf 89' lang='lat' dir='ltr'><strong>transuectum</strong></span> <span class='ocrx_word' id='word_1_186' title='bbox 534 3250 620 3310; x_wconf 89' lang='lat' dir='ltr'><strong>esset</strong></span> <span class='ocrx_word' id='word_1_187' title='bbox 643 3245 744 3328; x_wconf 91' lang='lat' dir='ltr'><strong>adque</strong></span> <span class='ocrx_word' id='word_1_188' title='bbox 767 3244 799 3310; x_wconf 92' lang='lat' dir='ltr'><strong>in</strong></span> <span class='ocrx_word' id='word_1_189' title='bbox 822 3245 893 3310; x_wconf 91' lang='lat' dir='ltr'><strong>loco</strong></span> <span class='ocrx_word' id='word_1_190' title='bbox 918 3265 975 3311; x_wconf 90' lang='lat' dir='ltr'><strong>suo</strong></span> <span class='ocrx_word' id='word_1_191' title='bbox 1000 3245 1185 3328; x_wconf 89' lang='lat' dir='ltr'><strong>quiesceret.</strong></span> <span class='ocrx_word' id='word_1_192' title='bbox 1215 3244 1274 3310; x_wconf 82' lang='lat' dir='ltr'><strong>Cui</strong></span> <span class='ocrx_word' id='word_1_193' title='bbox 1299 3245 1432 3309; x_wconf 92' lang='lat' dir='ltr'><strong>membro</strong></span> 
     </span>
     <span class='ocr_line' id='line_1_26' title="bbox 292 3351 1468 3434; baseline -0.001 -19"><span class='ocrx_word' id='word_1_194' title='bbox 292 3351 458 3415; x_wconf 89' lang='lat' dir='ltr'><strong>inhonesto</strong></span> <span class='ocrx_word' id='word_1_195' title='bbox 496 3355 628 3416; x_wconf 81' lang='lat' dir='ltr'><strong>instram</strong></span> <span class='ocrx_word' id='word_1_196' title='bbox 665 3352 802 3417; x_wconf 87' lang='lat' dir='ltr'><strong>familias</strong></span> <span class='ocrx_word' id='word_1_197' title='bbox 845 3353 1103 3418; x_wconf 88' lang='lat' dir='ltr'><strong>honestissimam</strong></span> <span class='ocrx_word' id='word_1_198' title='bbox 1144 3354 1250 3434; x_wconf 88' lang='lat' dir='ltr'><strong>palam</strong></span> <span class='ocrx_word' id='word_1_199' title='bbox 1292 3371 1468 3418; x_wconf 77' lang='lat' dir='ltr'><strong>coronans</strong></span> 
     </span>
     <span class='ocr_line' id='line_1_27' title="bbox 293 3457 1433 3542; baseline 0.002 -22"><span class='ocrx_word' id='word_1_200' title='bbox 293 3475 422 3521; x_wconf 88' lang='lat' dir='ltr'><strong>necesse</strong></span> <span class='ocrx_word' id='word_1_201' title='bbox 456 3462 523 3521; x_wconf 89' lang='lat' dir='ltr'><strong>erat</strong></span> <span class='ocrx_word' id='word_1_202' title='bbox 554 3458 711 3540; x_wconf 90' lang='lat' dir='ltr'><strong>inponere.</strong></span> <span class='ocrx_word' id='word_1_203' title='bbox 755 3459 807 3525; x_wconf 89' lang='lat' dir='ltr'><strong>Sic</strong></span> <span class='ocrx_word' id='word_1_204' title='bbox 839 3459 991 3524; x_wconf 88' lang='lat' dir='ltr'><strong>uidelicet</strong></span> <span class='ocrx_word' id='word_1_205' title='bbox 1020 3457 1114 3523; x_wconf 87' lang='lat' dir='ltr'><strong>Liber</strong></span> <span class='ocrx_word' id='word_1_206' title='bbox 1151 3458 1229 3524; x_wconf 87' lang='lat' dir='ltr'><strong>deus</strong></span> <span class='ocrx_word' id='word_1_207' title='bbox 1266 3459 1433 3542; x_wconf 89' lang='lat' dir='ltr'><strong>placandus</strong></span> 
     </span>
     <span class='ocr_line' id='line_1_28' title="bbox 294 3563 1434 3650; baseline 0.001 -23"><span class='ocrx_word' id='word_1_208' title='bbox 294 3563 397 3628; x_wconf 86' lang='lat' dir='ltr'><strong>suerat</strong></span> <span class='ocrx_word' id='word_1_209' title='bbox 423 3583 479 3647; x_wconf 92' lang='lat' dir='ltr'><strong>pro</strong></span> <span class='ocrx_word' id='word_1_210' title='bbox 509 3565 674 3630; x_wconf 88' lang='lat' dir='ltr'><strong>euentibus</strong></span> <span class='ocrx_word' id='word_1_211' title='bbox 704 3566 871 3644; x_wconf 78' lang='lat' dir='ltr'><strong>seminum,</strong></span> <span class='ocrx_word' id='word_1_212' title='bbox 896 3567 942 3632; x_wconf 88' lang='lat' dir='ltr'><strong>sic</strong></span> <span class='ocrx_word' id='word_1_213' title='bbox 970 3565 1008 3630; x_wconf 89' lang='lat' dir='ltr'><strong>ab</strong></span> <span class='ocrx_word' id='word_1_214' title='bbox 1037 3565 1121 3650; x_wconf 89' lang='lat' dir='ltr'><strong>agris</strong></span> <span class='ocrx_word' id='word_1_215' title='bbox 1149 3566 1317 3632; x_wconf 84' lang='lat' dir='ltr'><strong>fascinatio</strong></span> <span class='ocrx_word' id='word_1_216' title='bbox 1341 3565 1434 3649; x_wconf 91' lang='lat' dir='ltr'><strong>repel-</strong></span> 
     </span>
    </p>
   </div>
   <div class='ocr_carea' id='block_1_6' title="bbox 293 3783 1433 4121">
    <p class='ocr_par' dir='ltr' id='par_1_6' title="bbox 293 3783 1433 4121">
     <span class='ocr_line' id='line_1_29' title="bbox 332 3783 1431 3854; baseline -0.001 -17"><span class='ocrx_word' id='word_1_217' title='bbox 332 3787 345 3836; x_wconf 93' lang='lat'>1</span> <span class='ocrx_word' id='word_1_218' title='bbox 368 3783 535 3854; x_wconf 87' lang='lat' dir='ltr'><strong>de[tinuerit,</strong></span> <span class='ocrx_word' id='word_1_219' title='bbox 554 3784 668 3838; x_wconf 90' lang='lat' dir='ltr'><strong>tinuerit</strong></span> <span class='ocrx_word' id='word_1_220' title='bbox 685 3802 719 3838; x_wconf 85' lang='lat' dir='ltr'><strong>m.</strong></span> <span class='ocrx_word' id='word_1_221' title='bbox 736 3786 800 3838; x_wconf 64' lang='lat' dir='ltr'><strong>bin</strong></span> <span class='ocrx_word' id='word_1_222' title='bbox 813 3801 878 3848; x_wconf 81' lang='lat' dir='ltr'><strong>raa,</strong></span> <span class='ocrx_word' id='word_1_223' title='bbox 893 3803 921 3852; x_wconf 89' lang='lat' dir='ltr'><strong>c;</strong></span> <span class='ocrx_word' id='word_1_224' title='bbox 939 3785 1093 3838; x_wconf 86' lang='lat' dir='ltr'><strong>obtinuerat</strong></span> <span class='ocrx_word' id='word_1_225' title='bbox 1112 3785 1122 3838; x_wconf 87' lang='grc'>1</span> <span class='ocrx_word' id='word_1_226' title='bbox 1175 3785 1192 3839; x_wconf 87' lang='lat'>3</span> <span class='ocrx_word' id='word_1_227' title='bbox 1211 3784 1301 3838; x_wconf 87' lang='lat' dir='ltr'><strong>redita</strong></span> <span class='ocrx_word' id='word_1_228' title='bbox 1322 3784 1345 3840; x_wconf 81' lang='lat' dir='ltr'><em>C</em></span> <span class='ocrx_word' id='word_1_229' title='bbox 1394 3801 1431 3836; x_wconf 86' lang='lat' dir='ltr'><strong>er·</strong></span> 
     </span>
     <span class='ocr_line' id='line_1_30' title="bbox 293 3873 1433 3943; baseline -0.004 -17"><span class='ocrx_word' id='word_1_230' title='bbox 293 3873 431 3927; x_wconf 83' lang='lat' dir='ltr'><strong>hortami</strong></span> <span class='ocrx_word' id='word_1_231' title='bbox 518 3873 647 3928; x_wconf 80' lang='lat' dir='ltr'><strong>elibriz</strong></span> <span class='ocrx_word' id='word_1_232' title='bbox 739 3873 770 3926; x_wconf 84' lang='lat'><strong>10</strong></span> <span class='ocrx_word' id='word_1_233' title='bbox 790 3873 1062 3942; x_wconf 83' lang='lat' dir='ltr'><strong>quodammodan</strong></span> <span class='ocrx_word' id='word_1_234' title='bbox 1156 3875 1291 3943; x_wconf 88' lang='lat' dir='ltr'><strong>priuatam</strong></span> <span class='ocrx_word' id='word_1_235' title='bbox 1310 3875 1362 3928; x_wconf 93' lang='lat' dir='ltr'><strong>uim</strong></span> <span class='ocrx_word' id='word_1_236' title='bbox 1382 3873 1433 3941; x_wconf 78' lang='lat' dir='ltr'><strong>q¹a</strong></span> 
     </span>
     <span class='ocr_line' id='line_1_31' title="bbox 295 3961 1430 4033; baseline -0.003 -17"><span class='ocrx_word' id='word_1_237' title='bbox 295 3963 326 4016; x_wconf 95' lang='lat'><strong>11</strong></span> <span class='ocrx_word' id='word_1_238' title='bbox 348 3962 456 4016; x_wconf 88' lang='lat' dir='ltr'><strong>obtinet</strong></span> <span class='ocrx_word' id='word_1_239' title='bbox 474 3981 492 4012; x_wconf 91' lang='grc' dir='ltr'><strong>α</strong></span> <span class='ocrx_word' id='word_1_240' title='bbox 566 3964 599 4016; x_wconf 77' lang='grc'><strong>12</strong></span> <span class='ocrx_word' id='word_1_241' title='bbox 617 3965 800 4032; x_wconf 88' lang='lat' dir='ltr'><strong>peruenerunt</strong></span> <span class='ocrx_word' id='word_1_242' title='bbox 819 3962 840 4016; x_wconf 85' lang='lat' dir='ltr'><strong>l¹</strong></span> <span class='ocrx_word' id='word_1_243' title='bbox 914 3963 947 4018; x_wconf 90' lang='lat'><strong>13</strong></span> <span class='ocrx_word' id='word_1_244' title='bbox 966 3961 1072 4033; x_wconf 88' lang='lat' dir='ltr'><strong>superb.</strong></span> <span class='ocrx_word' id='word_1_245' title='bbox 1091 3963 1240 4017; x_wconf 85' lang='lat' dir='ltr'><strong>istorumv</strong></span> <span class='ocrx_word' id='word_1_246' title='bbox 1302 3965 1334 4018; x_wconf 81' lang='lat'><strong>14</strong></span> <span class='ocrx_word' id='word_1_247' title='bbox 1353 3961 1430 4016; x_wconf 81' lang='lat' dir='ltr'><strong>nebit.</strong></span> 
     </span>
     <span class='ocr_line' id='line_1_32' title="bbox 298 4049 1431 4121; baseline -0.001 -17"><span class='ocrx_word' id='word_1_248' title='bbox 298 4049 355 4104; x_wconf 79' lang='lat' dir='ltr'><strong>C²e</strong></span> <span class='ocrx_word' id='word_1_249' title='bbox 418 4052 454 4105; x_wconf 77' lang='lat'><strong>20</strong></span> <span class='ocrx_word' id='word_1_250' title='bbox 472 4051 634 4121; x_wconf 85' lang='lat' dir='ltr'><strong>plaustellis,</strong></span> <span class='ocrx_word' id='word_1_251' title='bbox 654 4068 687 4105; x_wconf 90' lang='lat' dir='ltr'><strong>au</strong></span> <span class='ocrx_word' id='word_1_252' title='bbox 706 4069 740 4105; x_wconf 88' lang='lat' dir='ltr'><strong>m.</strong></span> <span class='ocrx_word' id='word_1_253' title='bbox 760 4055 781 4106; x_wconf 86' lang='lat'><em>2</em></span> <span class='ocrx_word' id='word_1_254' title='bbox 799 4068 831 4105; x_wconf 77' lang='lat' dir='ltr'><strong>aa</strong></span> <span class='ocrx_word' id='word_1_255' title='bbox 849 4067 864 4104; x_wconf 96' lang='lat' dir='ltr'><strong>o</strong></span> <span class='ocrx_word' id='word_1_256' title='bbox 885 4067 962 4114; x_wconf 69' lang='lat' dir='ltr'><strong>cora,</strong></span> <span class='ocrx_word' id='word_1_257' title='bbox 985 4051 1018 4116; x_wconf 84' lang='grc'><strong>0,·</strong></span> <span class='ocrx_word' id='word_1_258' title='bbox 1037 4050 1210 4120; x_wconf 84' lang='lat' dir='ltr'><strong>plostellisd</strong></span> <span class='ocrx_word' id='word_1_259' title='bbox 1274 4053 1306 4106; x_wconf 82' lang='lat'><strong>21</strong></span> <span class='ocrx_word' id='word_1_260' title='bbox 1326 4051 1431 4121; x_wconf 74' lang='lat' dir='ltr'><strong>lanino,</strong></span> 
     </span>
    </p>
   </div>
   <div class='ocr_carea' id='block_1_7' title="bbox 294 4167 1431 4411">
    <p class='ocr_par' dir='ltr' id='par_1_7' title="bbox 294 4167 1431 4411">
     <span class='ocr_line' id='line_1_33' title="bbox 294 4167 1431 4236; baseline 0 -17"><span class='ocrx_word' id='word_1_261' title='bbox 294 4185 310 4220; x_wconf 90' lang='lat' dir='ltr'><strong>n</strong></span> <span class='ocrx_word' id='word_1_262' title='bbox 330 4183 410 4228; x_wconf 77' lang='lat' dir='ltr'><strong>cras,</strong></span> <span class='ocrx_word' id='word_1_263' title='bbox 432 4167 467 4232; x_wconf 74' lang='lat'><strong>05</strong></span> <span class='ocrx_word' id='word_1_264' title='bbox 484 4167 576 4221; x_wconf 90' lang='lat' dir='ltr'><strong>lanino</strong></span> <span class='ocrx_word' id='word_1_265' title='bbox 597 4167 647 4234; x_wconf 88' lang='grc' dir='ltr'>1α,·</span> <span class='ocrx_word' id='word_1_266' title='bbox 665 4167 776 4221; x_wconf 88' lang='lat' dir='ltr'><strong>lanuino</strong></span> <span class='ocrx_word' id='word_1_267' title='bbox 797 4167 934 4236; x_wconf 75' lang='lat' dir='ltr'><strong>cdcplc5</strong></span> <span class='ocrx_word' id='word_1_268' title='bbox 952 4168 1062 4221; x_wconf 89' lang='lat' dir='ltr'><strong>lanuino</strong></span> <span class='ocrx_word' id='word_1_269' title='bbox 1082 4169 1112 4234; x_wconf 86' lang='lat' dir='ltr'><strong>b,·</strong></span> <span class='ocrx_word' id='word_1_270' title='bbox 1130 4167 1240 4222; x_wconf 91' lang='lat' dir='ltr'><strong>lanbino</strong></span> <span class='ocrx_word' id='word_1_271' title='bbox 1259 4171 1284 4232; x_wconf 74' lang='lat' dir='ltr'><strong><em>f</em></strong></span> <span class='ocrx_word' id='word_1_272' title='bbox 1369 4181 1431 4221; x_wconf 87' lang='lat' dir='ltr'><strong>unns</strong></span> 
     </span>
     <span class='ocr_line' id='line_1_34' title="bbox 297 4255 1431 4327; baseline -0.002 -19"><span class='ocrx_word' id='word_1_273' title='bbox 297 4255 487 4322; x_wconf 57' lang='lat' dir='ltr'><strong>Gabalein·</strong></span> <span class='ocrx_word' id='word_1_274' title='bbox 510 4255 556 4308; x_wconf 90' lang='lat' dir='ltr'><strong>uni</strong></span> <span class='ocrx_word' id='word_1_275' title='bbox 576 4273 606 4323; x_wconf 78' lang='lat' dir='ltr'><strong>q;</strong></span> <span class='ocrx_word' id='word_1_276' title='bbox 630 4259 727 4320; x_wconf 75' lang='lat' dir='ltr'><strong>unof</strong></span> <span class='ocrx_word' id='word_1_277' title='bbox 814 4258 848 4311; x_wconf 82' lang='lat'><strong>27</strong></span> <span class='ocrx_word' id='word_1_278' title='bbox 877 4275 924 4326; x_wconf 94' lang='lat' dir='ltr'><strong>pro</strong></span> <span class='ocrx_word' id='word_1_279' title='bbox 945 4257 1086 4310; x_wconf 85' lang='lat' dir='ltr'><strong>euentibns</strong></span> <span class='ocrx_word' id='word_1_280' title='bbox 1109 4255 1231 4324; x_wconf 54' lang='lat' dir='ltr'><strong>edep-</strong></span> <span class='ocrx_word' id='word_1_281' title='bbox 1260 4255 1431 4327; x_wconf 86' lang='lat' dir='ltr'><strong>prouentibus</strong></span> 
     </span>
     <span class='ocr_line' id='line_1_35' title="bbox 295 4343 529 4411; baseline 0 -14"><span class='ocrx_word' id='word_1_282' title='bbox 295 4343 529 4411; x_wconf 64' lang='lat' dir='ltr'><strong>abdtqabfo</strong></span> 
     </span>
    </p>
   </div>
   <div class='ocr_carea' id='block_1_8' title="bbox 0 0 1558 4926">
    <p class='ocr_par' dir='ltr' id='par_1_8' title="bbox 0 0 1558 4926">
     <span class='ocr_line' id='line_1_36' title="bbox 0 0 1558 4926; baseline 0 0"><span class='ocrx_word' id='word_1_283' title='bbox 0 0 1558 4926; x_wconf 95' lang='lat' dir='ltr'><strong> </strong></span> 
     </span>
    </p>
   </div>
  </div>
 </body>
</html>
