3108 4926
291 395 356 460 346
640 390 666 444 S.
694 387 851 444 Aurelii
878 388 1096 459 Augustini

292 588 538 653 dominationem
563 605 652 653 suam
676 585 932 670 potestatemque
956 604 1017 650 nou
1040 583 1213 660 subtrahit;
1242 583 1296 664 qui
1319 583 1428 648 semina
1524 663 1525 668 ἵ

292 697 325 758 et
352 693 503 758 alimenta
530 693 724 770 mortalium,
754 693 823 756 siue
852 690 939 756 arida
967 691 1036 754 siue
1064 690 1196 772 liquida,
1220 689 1339 754 naturis
1365 707 1428 753 eon·
1524 749 1525 784 ,

291 801 474 882 petentibus
490 799 650 864 adtributa
669 798 853 876 substituit;
874 798 928 880 qui
947 801 1061 862 terram
1083 797 1196 862 fundat
1213 797 1315 878 adque
1332 795 1428 860 leonn-

292 905 360 979 dat;
390 906 444 989 qui
471 905 595 970 fruetus
624 906 692 970 eius
722 904 912 969 animalibus
941 904 1185 986 hominibusque
1207 903 1353 987 largitum
1380 900 1427 983 qui

292 1031 405 1077 eausas
432 1030 494 1075 nou
524 1012 628 1076 solum
656 1010 858 1094 principales,
884 1010 940 1075 sed
968 1010 1063 1074 etiam
1093 1009 1322 1092 subsequentes
1348 1005 1427 1072 nouit
1451 1029 1465 1071 s

292 1119 394 1202 adque
432 1117 569 1194 ordinat;
607 1117 662 1200 qui
698 1117 792 1182 lunae
826 1117 941 1182 statuit
972 1115 1102 1182 modum
1136 1135 1246 1190 suum;
1284 1115 1337 1197 qui
1365 1113 1426 1177 uias

292 1226 445 1290 caelestes
474 1223 576 1306 adque
600 1227 765 1289 terrestres
787 1224 932 1288 loeorum
957 1221 1189 1286 mutationibus
1213 1221 1354 1304 praebet;
1380 1219 1427 1300 qui

292 1331 439 1396 humanis
468 1329 615 1414 ingeniis,
640 1347 719 1413 quae
748 1329 878 1406 ereeuit,
903 1329 999 1393 etiam
1028 1328 1177 1393 scientias
1201 1327 1318 1394 artium
1339 1325 1428 1390 uana·

291 1457 362 1502 rum
386 1437 424 1500 ad
449 1436 661 1500 adiuuandam
686 1437 785 1500 uitam
810 1441 1018 1519 naturamque
1042 1436 1213 1512 eoncessit3
1239 1435 1294 1518 qui
1313 1433 1428 1499 eonion·

292 1545 427 1609 ationem
456 1543 551 1608 maris
580 1547 612 1608 et
637 1543 772 1608 feminae
802 1543 841 1608 ad
870 1537 1061 1608 adiutorium
1091 1541 1313 1626 propagandae
1340 1539 1427 1623 prolis
1444 1563 1462 1600 n

173 1719 178 1728 ,
291 1649 447 1726 institnit;
486 1649 540 1731 qui
576 1649 741 1714 hominum
773 1649 929 1728 eoetibus,
963 1669 1057 1732 quem
1089 1648 1169 1714 foois
1203 1651 1235 1713 et
1265 1646 1428 1712 luminibus

293 1754 486 1833 adhiberent,
516 1755 554 1819 ad
582 1755 752 1822 facillimos
782 1775 860 1821 usus
888 1775 1005 1820 munus
1031 1755 1148 1820 terreni
1180 1755 1265 1838 ignis
1296 1752 1429 1818 indulsit.

292 1859 360 1924 Ista
387 1863 461 1925 suut
489 1865 583 1939 eerte,
614 1880 693 1942 quae
723 1861 772 1926 dis
801 1861 928 1927 seleetis
956 1881 1013 1944 per
1040 1861 1145 1926 nescio
1180 1880 1259 1944 quas
1293 1859 1430 1944 physicas

291 1967 567 2048 interpretationes
592 1968 642 2032 uir
666 1968 871 2034 acutissimus
896 1969 998 2051 adque
1022 1967 1228 2033 doctissimus
1243 1966 1351 2042 liano,
1370 1966 1430 2029 siue

294 2085 372 2156 quae
398 2073 524 2138 aliunde
548 2071 680 2156 aceepit,
702 2073 770 2140 siue
795 2093 874 2156 quae
893 2073 961 2157 ipse
983 2073 1126 2151 eonieeit,
1147 2073 1336 2138 distribuere
1353 2071 1429 2136 labo·
1444 2093 1463 2134 n

291 2179 385 2244 rauit.
422 2179 509 2244 Haeo
543 2183 649 2244 autem
682 2179 759 2243 feeit
791 2179 893 2263 adque
927 2179 994 2264 agit
1021 2198 1104 2244 nnus
1133 2197 1228 2243 uerus
1258 2179 1354 2256 Deus,
1381 2175 1427 2240 sed

292 2285 378 2349 sieut
400 2285 498 2363 Deus,
521 2285 555 2348 id
583 2287 632 2350 est
660 2284 777 2368 ubique
806 2288 904 2366 totus,
929 2285 1027 2349 nullis
1055 2285 1198 2350 inclusus
1227 2285 1318 2363 loeis,
1341 2283 1427 2348 nullis

292 2391 430 2455 uineulis
463 2391 633 2476 adligatus,
657 2389 689 2454 in
723 2391 826 2455 nullas
859 2394 965 2474 partes
999 2391 1131 2466 sectilis,
1165 2409 1201 2455 ex
1233 2391 1320 2454 nulla
1350 2393 1427 2474 parte

292 2497 467 2576 mutabilis,
500 2497 623 2581 inplens
653 2498 776 2561 eaelum
805 2499 837 2561 et
864 2502 980 2562 terram
1007 2499 1171 2580 praesente
1199 2497 1350 2580 potentia,
1376 2515 1429 2560 non

292 2603 453 2688 indigente
482 2607 601 2668 natura.
635 2603 688 2669 Sie
712 2604 819 2687 itaque
844 2603 1044 2669 administrat
1067 2603 1181 2681 omnia,
1206 2621 1286 2686 quae
1310 2603 1428 2678 creauit,
1444 2625 1465 2664 a

293 2713 331 2774 ut
353 2710 447 2775 etiam
471 2709 540 2794 ipsa
564 2711 706 2794 proprios
731 2729 853 2775 exerere
878 2717 910 2775 et
928 2729 1021 2795 agere
1040 2713 1146 2775 motus
1167 2710 1259 2776 sinat.
1285 2709 1429 2790 Quamuis

293 2818 375 2882 enim
404 2819 483 2882 nihil
511 2837 580 2883 esse
609 2819 734 2900 possint
757 2817 825 2882 sine
848 2817 929 2900 ipso,
954 2837 1014 2883 non
1040 2821 1115 2882 sunt
1137 2818 1220 2899 quod
1246 2817 1326 2901 ipse.
1362 2815 1431 2900 Agit

293 2928 400 2989 autem
423 2925 525 3010 multa
547 2925 641 2989 etiam
666 2943 722 3007 per
740 2923 884 3008 angelos3
910 2924 1046 2989 sednon
1065 2924 1126 2988 nisi
1146 2943 1181 2987 ex
1201 2943 1234 2989 se
1252 2925 1323 3008 ipso
1341 2922 1430 2988 beati·

292 3030 367 3095 licat
396 3031 535 3115 angelos.
572 3031 623 3096 Ita
651 3031 796 3114 quamuis
825 3034 952 3114 propter
975 3030 1098 3114 aliquas
1122 3049 1235 3096 causas
1258 3029 1429 3095 hominibus

293 3139 421 3220 angelos
445 3137 562 3212 mittat,
581 3156 641 3201 non
666 3141 772 3201 tamen
795 3155 830 3200 ex
855 3137 975 3222 angelis
999 3137 1154 3214 homines,
1175 3137 1232 3202 sed
1250 3156 1286 3201 er
1305 3155 1339 3202 se
1357 3136 1464 3220 ipsae

294 3242 378 3306 siout
401 3243 540 3326 angelos,
560 3243 730 3308 beatificat.
753 3243 802 3308 Ab
822 3243 882 3308 hoe
901 3263 964 3308 uno
984 3245 1016 3308 et
1033 3262 1109 3308 uero
1128 3245 1196 3309 Deo
1216 3245 1316 3308 uitam
1336 3261 1430 3326 spera-

294 3367 365 3412 mus
390 3351 555 3414 aeternam.

331 3599 343 3652 l
364 3597 481 3652 subtrait
495 3615 508 3652 e
563 3602 578 3654 6
599 3601 644 3669 qui
656 3643 661 3654 .
672 3641 679 3654 .
691 3642 696 3654 .
708 3617 786 3654 suum
800 3618 850 3656 eor.
867 3602 882 3656 b
955 3600 1065 3656 modum
1079 3601 1157 3656 codd.
1174 3601 1288 3668 Domb.,·
1305 3605 1428 3656 motumo

293 3683 471 3741 Sseientiam
490 3685 578 3751 bk²f
667 3691 698 3743 ll
724 3689 897 3760 coeptibuse
1006 3691 1096 3760 quem]
1118 3689 1231 3762 quaeC
1336 3685 1428 3743 seeisd

296 3775 328 3829 13
348 3791 414 3844 quas
432 3779 579 3847 Μᾶτερ.
600 3777 691 3834 tired
745 3781 775 3833 17
795 3779 906 3833 inclusis
921 3778 946 3833 e¹
1002 3779 1034 3834 18
1053 3779 1162 3833 sectiles
1179 3779 1212 3833 0¹
1267 3779 1300 3834 21
1321 3777 1425 3833 exserere

296 3863 331 3929 0,·
350 3881 454 3920 exerere
473 3867 531 3922 rell.
537 3887 548 3934 ;
566 3883 686 3922 exercere
704 3884 720 3922 o
792 3869 827 3922 22
850 3869 937 3938 possit
955 3886 999 3939 qu
1088 3885 1142 3922 non
1162 3872 1234 3936 sunt,
1253 3886 1287 3922 nr.
1306 3873 1325 3922 2
1341 3880 1423 3936 seper·

291 3981 396 4049 scripto
413 3985 513 4050 tamen,
536 3983 570 4047 C,-
589 3987 678 4037 tamen
698 4001 753 4038 non
772 3989 869 4038 eunte
922 3986 956 4040 24
977 3949 1072 4055 ᾳυεῗιὶε
1094 3984 1117 4040 0
1169 3985 1204 4038 26
1222 3950 1271 4040 uio
1292 3984 1315 4039 0
