3072 4930
624 419 651 473 S.
679 417 838 472 Aurelii
864 419 1081 488 Augustini

719 613 856 680 CAPUT
877 611 993 678 XXVI.

282 757 336 822 De
365 757 476 822 ludis
506 755 725 835 scaenicis,
754 774 853 838 quos
883 755 964 820 sibi
993 754 1031 819 di
1060 755 1264 821 celebrari
1293 773 1311 820 a
1342 755 1420 820 suis

609 861 844 927 cultoribus
869 869 1101 946 exegerunt.

327 1004 390 1070 Sed
422 1005 572 1090 ‘fingebat
603 1005 681 1070 haec
713 1005 882 1080 Homerus,
916 1004 961 1069 ait
993 1003 1129 1082 Tullius,
1158 1007 1190 1068 et
1221 1005 1358 1069 humana
1387 1003 1420 1068 ad

281 1111 356 1178 deos
384 1112 608 1177 transferebat:
638 1111 746 1176 diuina
772 1111 902 1176 mallem
930 1110 970 1175 ad
996 1111 1077 1176 nos?
1116 1111 1231 1176 Merito
1266 1110 1453 1194 displicuits

280 1218 349 1284 uiro
383 1218 473 1304 graui
506 1217 684 1283 diuinorum
718 1217 885 1282 criminum
913 1219 1008 1301 poeta
1035 1216 1196 1284 confictor.
1239 1215 1329 1296 Quor
1354 1235 1420 1300 ergo

278 1324 347 1389 ludi
367 1323 514 1403 scaenici,
528 1323 584 1389 ubi
598 1324 676 1388 haec
691 1323 879 1388 dictitantur
893 1323 1086 1388 cantitantur
1100 1323 1282 1402 actitantur,
1299 1321 1420 1389 deorum

277 1430 452 1497 bonoribus
481 1431 676 1507 exhibentur,
700 1429 782 1494 inter
808 1449 858 1494 res
883 1429 1007 1494 diuinas
1032 1448 1050 1493 a
1073 1429 1268 1494 doctissimis
1293 1430 1420 1495 conscri-

278 1537 418 1604 buntur?
453 1537 515 1602 Hic
543 1537 696 1601 exclamet
719 1533 829 1601 Cicero
857 1554 919 1600 non
948 1537 1056 1600 contra
1078 1534 1229 1620 figmenta
1251 1538 1419 1619 poetarum.

280 1644 336 1710 sed
364 1647 472 1710 eontra
498 1643 648 1709 instituta
675 1641 846 1718 maiorum
870 1660 907 1706 an
942 1642 1151 1707 exclamarent
1184 1645 1215 1706 et
1247 1641 1309 1706 illi:
1343 1639 1419 1720 Quid
1435 1669 1453 1704 o

278 1770 337 1816 nos
352 1751 501 1817 fecimus!
525 1750 592 1833 Ipsi
607 1750 639 1814 di
655 1749 719 1814 ista
733 1748 801 1813 suis
816 1749 990 1814 honoribus
1005 1749 1179 1813 exhibenda
1191 1747 1418 1832 flagitauerunt,

278 1857 427 1923 atrociter
453 1857 657 1941 imperarunt,
687 1855 809 1920 cladem
842 1855 904 1920 nisi
936 1855 1025 1919 lieret
1055 1855 1326 1938 praenuntiarunt,
1352 1854 1420 1937 quia

277 1965 458 2047 neglectum
488 1965 538 2029 est
565 1961 695 2045 aliquid,
721 1962 923 2027 seuerissime
950 1961 1160 2039 uindicarunt,
1185 1961 1261 2044 quia
1286 1961 1317 2026 id
1341 1959 1419 2044 qnod

276 2071 459 2154 neglectum
487 2070 590 2135 fuerat
617 2069 737 2134 factum
767 2073 826 2152 est,
854 2069 997 2152 placatos
1031 2087 1065 2133 se
1098 2087 1170 2134 esse
1201 2070 1417 2134 monstrarunt.

275 2175 362 2242 Inter
390 2195 498 2241 eorum
527 2179 793 2244 commemoratur
819 2175 955 2241 uirtutes
989 2178 1021 2239 et
1052 2174 1194 2240 miranda
1225 2175 1309 2240 sacta
1339 2171 1417 2256 quod
1433 2198 1451 2234 a

276 2283 390 2348 dicam.
413 2283 485 2348 lito
508 2283 631 2348 Latinio
655 2283 775 2348 rustico
800 2283 942 2347 Romano
964 2281 1206 2364 patrifamilias
1230 2281 1351 2346 dictum
1374 2283 1417 2345 est

275 2391 306 2455 in
327 2390 457 2468 somnis,
474 2391 506 2453 in
527 2392 671 2454 senatum
691 2389 859 2466 nuntiaret,
875 2391 911 2453 ut
928 2388 997 2454 ludi
1011 2389 1145 2454 Romani
1163 2389 1416 2464 instaurarentur,

276 2495 362 2579 quod
397 2497 498 2579 primo
537 2514 644 2561 eorum
682 2495 732 2560 die
769 2496 802 2560 in
840 2496 975 2578 quodam
1014 2496 1177 2570 scelerato,
1216 2495 1270 2578 qui
1306 2493 1416 2578 populo

275 2605 438 2686 spectante
466 2602 505 2666 ad
533 2603 724 2685 supplicium
749 2601 823 2666 duci
845 2601 954 2666 iussus
979 2605 1038 2679 est,
1061 2601 1245 2667 numinibus
1274 2600 1416 2666 uidelicet

275 2727 312 2773 ex
334 2707 418 2774 ludis
442 2707 635 2773 hilaritatem
654 2708 879 2791 quaerentibus
897 2707 989 2773 triste
1009 2706 1227 2791 displicuisset
1243 2707 1414 2791 imperium.
1430 2733 1451 2770 a

276 2813 356 2881 Cum
380 2833 454 2899 ergo
479 2816 534 2880 ille
559 2815 613 2898 qui
637 2815 759 2879 somnio
783 2815 995 2880 commonitus
1020 2818 1087 2879 crat
1109 2819 1237 2899 postero
1262 2814 1312 2878 die
1333 2815 1416 2878 iussa

274 2922 376 2986 iacere
392 2940 452 2986 non
473 2940 570 2986 ausus
591 2927 686 2998 esset,
701 2920 840 2985 secunda
857 2923 950 2986 nocte
970 2921 1029 2985 boc
1048 2920 1132 2984 idem
1150 2939 1262 2986 rursus
1281 2919 1415 2986 seuerius

273 3027 465 3110 imperatum
493 3029 555 3092 est:
590 3027 698 3092 amisit
724 3027 838 3104 filium,
868 3028 942 3110 quia
973 3046 1035 3092 non
1066 3027 1152 3092 fecit.
1194 3027 1301 3092 Tertia
1330 3029 1415 3090 nocte

274 3133 395 3198 dictum
430 3136 480 3198 est
511 3133 642 3210 homini,
675 3133 759 3215 quod
791 3133 891 3197 maior
923 3133 952 3197 ei
989 3151 1099 3216 poena,
1133 3133 1160 3197 si
1197 3153 1258 3199 non
1294 3133 1414 3208 faceret,

274 3239 451 3304 inmineret.
494 3239 575 3305 Cum
605 3239 699 3305 etiam
729 3239 775 3304 sic
803 3259 864 3304 non
897 3240 1037 3316 auderet,
1065 3239 1098 3303 in
1131 3239 1279 3305 morbum
1309 3237 1415 3303 incidit
1429 3262 1450 3304 a

275 3364 378 3410 acrem
411 3349 443 3410 et
475 3346 667 3413 horribilem.
705 3345 787 3411 Tum
815 3365 890 3411 uero
919 3367 954 3410 er
987 3346 1159 3412 amicorum
1193 3346 1346 3412 sententia
1378 3341 1413 3407 ad

272 3449 479 3534 magistratus
508 3471 573 3516 rem
599 3451 716 3516 detulit
738 3452 840 3535 adque
865 3452 897 3516 in
921 3452 1034 3517 lectica
1057 3451 1182 3517 adlatus
1206 3452 1309 3517 estin
1331 3469 1412 3516 sena-

362 3667 380 3720 4
398 3665 475 3720 Tusc.
495 3665 517 3730 I,
537 3667 571 3722 26

308 3829 324 3881 5
353 3783 472 3890 mallem,
490 3827 522 3879 ἐπ
539 3829 662 3896 rnarpc'nc
681 3785 793 3892 malae
883 3829 899 3883 6
928 3793 1057 3882 corillctor
1074 3827 1101 3882 L
1191 3828 1208 3882 8
1237 3827 1373 3882 exibeutur
1390 3827 1410 3878 A

274 3915 491 3982 10aunonpn
583 3915 803 3986 111psiom.a
894 3915 921 3971 di
939 3933 1000 3986 sup.
1021 3916 1116 3971 liraL
1209 3918 1411 3972 laboremne

271 4031 497 4100 praenuntiarunt
515 4031 592 4086 codd.
612 4048 640 4098 υς
659 4033 920 4102 praenuntiauerunt
934 4033 1034 4090 Domb.
1091 4033 1124 4087 14
1142 3997 1233 4102 plaios
1252 4033 1275 4086 C
1341 4047 1410 4086 mon·

271 4121 393 4172 strarant
410 4119 436 4172 L
447 4117 468 4169 l
483 4119 506 4172 0
521 4119 580 4173 rell.
599 4136 629 4186 u;
649 4124 867 4200 monstrarerunt
885 4120 984 4178 Domb.
1054 4123 1087 4176 16
1105 4121 1191 4176 latino
1214 4121 1263 4192 Oq
1318 4121 1350 4176 18
1367 4136 1409 4191 po·

270 4233 349 4303 pulos
367 4239 497 4303 peccante
516 4236 540 4287 c¹
608 4235 643 4290 20
661 4191 917 4304 ludiiceleritatern,
937 4237 977 4290 sce
996 4255 1030 4291 m.
1049 4241 1069 4292 2
1086 4238 1118 4291 ia
1135 4253 1202 4302 raa,
1222 4239 1246 4292 Λ
1316 4239 1347 4292 21
1367 4251 1409 4308 po·

272 4329 344 4375 atero
364 4322 455 4388 codd.;
474 4326 617 4391 posterea
672 4325 705 4378 25
726 4339 808 4393 quum
827 4325 853 4376 L
907 4327 1194 4395 succensuerunt
