3072 4928
245 433 306 496 156
613 429 640 484 S.
669 428 824 482 Aurelii
852 427 1073 498 Augustini

181 653 186 662 ¹
240 625 369 700 modus;
395 644 451 689 nec
475 623 549 708 quia
571 627 621 689 tot
644 624 797 693 cadebant
819 627 943 690 tantum
967 627 1034 689 erat
1057 623 1218 700 maeroris
1238 629 1392 708 quantum

240 731 382 796 laetitiae
407 731 481 814 quia
504 731 600 796 ceteri
623 751 684 796 non
708 731 873 794 timebant.
914 729 977 796 Sed
1000 731 1032 794 in
1056 730 1247 812 quibusdam
1271 749 1392 804 eorum,

242 838 296 920 qui
330 837 410 902 mori
441 837 522 903 iussi
560 842 657 914 erant,
691 837 787 902 etiam
824 837 894 921 ipsa
929 836 1006 901 licet
1042 837 1179 901 crudelis
1216 843 1394 902 ceteromm

241 944 395 1008 securitas
420 963 534 1027 genera
556 943 706 1007 mortium
732 943 889 1026 exquisita
907 945 1099 1027 congemuit.
1124 940 1289 1022 Quendam
1309 943 1392 1008 enim

241 1051 310 1114 sine
338 1051 419 1115 ierro
454 1049 641 1114 laniantium
673 1067 786 1114 manus
821 1048 1029 1132 diripuerunt,
1057 1049 1215 1114 inmanius
1248 1050 1393 1115 homines
1425 1073 1437 1111 s

211 1187 215 1198 .
241 1156 401 1221 bominem
428 1157 551 1234 uiuum,
577 1175 672 1237 quam
698 1155 820 1220 bestiae
849 1156 953 1220 solent
981 1155 1158 1238 discerpere
1182 1155 1319 1221 cadauer
1341 1157 1393 1220 ab·

241 1262 370 1327 iactum.
394 1261 486 1326 Alius
503 1261 604 1328 oculis
620 1262 744 1328 effossis
764 1267 796 1327 et
814 1261 1027 1345 particulatim
1047 1261 1198 1327 membris
1218 1263 1395 1344 amputatis

240 1369 272 1434 in
302 1368 399 1434 tantis
428 1368 621 1434 cruciatibus
651 1367 706 1432 diu
734 1369 843 1432 uiuere
871 1369 925 1434 uel
947 1369 1056 1452 potius
1081 1368 1135 1432 diu
1158 1369 1239 1432 mori
1263 1373 1394 1434 coactus

242 1479 301 1540 est.
326 1475 537 1542 Subhastatae
562 1479 636 1540 sunt
655 1475 761 1553 etiam,
780 1481 943 1557 tamquam
961 1475 1069 1552 uillae,
1090 1476 1246 1558 quaedam
1269 1476 1394 1542 nobiles

242 1581 405 1658 ciuitatem
420 1601 482 1646 una
496 1599 583 1659 uero,
599 1583 690 1646 uelut
703 1601 785 1646 unus
800 1601 872 1646 reus
888 1581 962 1647 duci
976 1581 1147 1658 iuberetur,
1159 1583 1204 1647 sic
1219 1585 1290 1647 tota
1304 1582 1395 1648 iussa
1414 1614 1437 1650 ιο

241 1691 291 1753 est
318 1687 479 1752 trucidari.
517 1687 605 1752 Haec
632 1688 717 1753 facta
747 1687 880 1753 suntin
909 1707 985 1772 pace
1013 1691 1088 1772 post
1115 1688 1247 1768 bellum,
1271 1707 1333 1752 non
1356 1691 1395 1754 ut

240 1794 467 1859 acceleraretur
490 1793 659 1860 obtinenda
677 1795 823 1873 uictoria,
846 1793 903 1859 sod
922 1813 960 1858 ne
980 1797 1234 1859 contemneretur
1253 1793 1393 1860 obtenta.

241 1899 305 1963 Par
329 1918 401 1964 cum
424 1898 508 1964 ballo
534 1898 571 1962 de
592 1898 779 1963 crudelitate
799 1898 934 1963 certauit
952 1901 984 1962 et
1001 1899 1091 1963 uicit.
1115 1899 1200 1964 Illud
1220 1899 1303 1963 eninr
1323 1919 1393 1982 pro·

241 2006 356 2070 strauit
378 2010 526 2085 armatos,
550 2006 614 2070 ista
637 2005 783 2070 nudatos.
821 2005 948 2070 Bellum
972 2008 1048 2082 erat,
1071 2010 1110 2069 ut
1133 2005 1187 2088 qui
1209 2005 1392 2082 feriebatur,

241 2112 269 2176 si
301 2115 420 2194 posset,
449 2098 571 2186 lerinam
604 2131 662 2195 par
695 2115 813 2188 autem,
842 2130 903 2176 non
932 2112 969 2175 ut
997 2110 1052 2194 qui
1081 2116 1225 2178 euaserat
1257 2113 1391 2190 uiueret,
1411 2137 1435 2174 rs

241 2217 298 2282 sed
321 2221 358 2282 ut
382 2219 517 2284 moriens
541 2237 601 2283 non
625 2222 824 2302 repugnaret.

655 2407 791 2474 CAPUT
815 2409 978 2475 XXVIlIl.

241 2551 295 2615 De
339 2551 624 2633 conparatione
664 2551 864 2618 Gothicae
910 2552 1164 2636 inruptionis
1206 2571 1293 2617 cum
1332 2554 1390 2616 eis

242 2656 445 2736 cladibus,
466 2677 565 2740 quas
585 2658 749 2724 Romani
773 2658 839 2723 uel
863 2677 881 2722 a
901 2657 1037 2725 Gallis
1060 2659 1127 2724 uel
1150 2659 1390 2724 abellorum

445 2764 637 2832 ciuilium
661 2766 902 2834 auctoribus
927 2771 1184 2849 acceperunt.
1407 2795 1430 2834 n

286 2904 373 2985 Quas
401 2906 504 2972 rabies
534 2910 710 2972 exterarum
737 2908 891 2992 gentium,
915 2927 996 2992 quae
1024 2908 1160 2974 saeuitia
1187 2908 1390 2973 barbarorum

239 3014 314 3078 huic
347 3013 385 3078 de
419 3014 543 3080 ciuibus
581 3015 734 3078 uictoriae
773 3015 892 3080 ciuium
934 3017 1096 3098 conparari
1132 3019 1260 3098 potest?
1308 3011 1390 3094 Quid

240 3119 342 3184 Roma
355 3119 513 3184 funestius
528 3120 662 3185 taetrius
678 3121 879 3204 amariusque
898 3122 990 3200 uidit,
1005 3125 1114 3186 utrum
1134 3122 1208 3186 olim
1225 3120 1390 3187 Gallorum

239 3231 272 3291 et
294 3227 390 3309 paulo
415 3231 485 3290 ante
511 3225 689 3292 Gothorum
710 3227 935 3311 inruptionem,
959 3248 997 3293 an
1015 3229 1109 3293 Marii
1133 3232 1165 3293 et
1184 3229 1289 3313 Syllae
1316 3229 1390 3292 alio·

238 3351 373 3414 rumque
401 3333 432 3396 iu
462 3351 569 3398 eorum
598 3333 741 3416 partibus
770 3334 912 3399 uirorum
946 3335 1195 3400 clarissimorum
1227 3338 1428 3417 tamquamas

240 3459 370 3503 suorum
398 3441 556 3504 luminum
585 3441 617 3504 in
647 3459 705 3505 sua
733 3443 874 3506 membra
897 3442 1114 3508 ferocitatem?
1154 3441 1239 3508 Galli
1263 3440 1390 3525 quidem

237 3546 480 3612 trucidauerunt
512 3551 670 3626 senatum,
701 3549 855 3632 quidquid
887 3549 955 3614 eius
988 3549 1019 3614 in
1050 3549 1135 3616 Urbe
1168 3551 1237 3614 tota
1269 3555 1391 3632 praeter

240 3673 345 3718 arcem
371 3653 592 3736 Capitolinam,
618 3673 697 3737 quae
726 3654 796 3720 sola
823 3657 996 3737 utcumque
1026 3654 1154 3719 defensa
1177 3658 1236 3733 est,
1256 3652 1389 3736 reperire

276 3863 289 3914 1
310 3865 450 3932 quantum.
463 3880 497 3916 m.
513 3864 729 3934 aaupersaipao
748 3866 821 3930 tunc,
841 3865 865 3918 A
933 3865 949 3919 3
969 3864 1102 3929 morituri,
1122 3863 1307 3932 supersmaplo
1325 3879 1359 3916 aa.
1377 3865 1390 3914 1

238 3949 358 4012 iuili‚C
410 3951 625 4013 blun1tatumli
700 3953 821 4006 homines
840 3955 930 4010 oran
986 3951 1310 4016 9subbastataeri¹G¹,·
1328 3951 1389 4004 sub·

239 4043 364 4093 uastatos
386 4038 485 4108 C²de‚·
504 4041 665 4112 sj'luastatae
680 4039 717 4094 Δ2
789 4042 823 4096 10
842 4042 887 4122 uel
909 4041 939 4096 C·
1032 4039 1316 4110 reuswiubiduceretur,
1330 4045 1390 4110 post

238 4155 454 4224 neusinmarp.
473 4174 507 4212 ru.
527 4161 546 4212 2
566 4153 636 4221 duci,
658 4155 681 4209 C
760 4159 791 4212 ll
821 4123 971 4212 trudaris)
1053 4158 1085 4211 12
1115 4155 1387 4212 obtinenda...con.

238 4245 406 4298 temneretur
423 4244 455 4297 in
474 4261 593 4314 laurae
649 4246 681 4298 15
701 4245 834 4314 pessitO
893 4247 927 4302 20
947 4245 1130 4300 actoribueC
1190 4245 1225 4300 22
1245 4244 1390 4300 cibibusri

239 4333 273 4387 27
293 4332 321 4385 iu
342 4331 434 4386 orbem
453 4336 542 4386 totam
565 4333 588 4386 0
641 4333 675 4388 28
695 4334 831 4403 repperire
850 4333 909 4387 AG
