3136 4928
397 443 448 497 De
476 444 650 498 ciuitate
679 444 741 498 dei
768 444 832 499 lib.
857 445 888 499 ll.
917 463 992 516 esp.
1019 447 1059 502 16.
1229 453 1294 514 475

149 639 220 703 dam
245 657 321 703 uero
346 639 407 703 etsi
430 639 590 703 nonnullis
614 637 739 723 piorum
763 637 855 702 laetis
884 639 1052 704 uideantur
1080 659 1171 722 opere
1205 659 1294 705 eose-

149 745 248 828 quori,
268 745 340 812 finis
358 745 438 830 ipse,
458 765 519 830 quo
541 745 770 822 discernuntur,
790 745 1078 828 incomparabiliter
1095 747 1172 811 hooc
1189 752 1296 812 nostra

150 851 290 918 ostendit
318 852 478 918 excellere.
525 853 595 918 Illis
629 853 712 917 enim
744 852 836 916 multi
871 855 958 917 tento
993 854 1098 918 minus
1131 854 1294 919 sacrifieiis

150 959 273 1025 uolendi
302 965 386 1035 sunt,
422 962 538 1041 quanto
570 960 672 1043 magis
706 960 783 1024 haee
817 963 981 1043 expetunt3
1020 960 1070 1023 his
1104 979 1177 1024 uero
1211 980 1294 1025 onus

119 1065 388 1131 seommondetur
411 1065 509 1148 Deus,
535 1065 589 1148 qui
619 1085 652 1130 se
680 1067 776 1130 nullis
809 1066 929 1131 talibus
961 1067 1101 1150 indigere
1135 1073 1166 1132 et
1199 1067 1295 1150 serip-

149 1178 292 1238 turarum
312 1190 438 1237 suarum
460 1172 683 1238 testificatione
704 1176 736 1237 et
755 1173 924 1238 eorundem
943 1179 1055 1255 postea
1069 1173 1294 1238 suen'fioiorum

148 1280 324 1344 remotione
345 1279 549 1344 demonstrat.
570 1279 603 1345 Si
625 1299 699 1364 ergo
720 1280 825 1362 angeli
845 1279 906 1343 sibi
926 1283 1075 1363 expetunt
1094 1281 1294 1359 sacrificium,

149 1386 360 1469 praeponendi
384 1387 429 1451 eis
455 1389 538 1462 sunt,
563 1389 701 1469 quinon
727 1386 798 1465 sibi,
824 1386 880 1451 sed
900 1387 965 1450 Deo
990 1387 1121 1450 creatori
1141 1387 1293 1464 omnium,

150 1493 199 1557 cui
225 1493 379 1559 seruiunt.
404 1493 486 1557 Hine
510 1493 593 1557 enim
618 1493 789 1558 ostendunt
817 1513 911 1576 quam
940 1494 1061 1557 sineere
1095 1511 1201 1558 amore
1235 1511 1291 1558 nos

107 1621 131 1659 ro
149 1601 295 1684 diligant,
319 1599 444 1682 quando
468 1619 524 1683 per
547 1599 738 1664 sacrificium
762 1619 821 1664 non
848 1601 919 1676 sibi,
945 1599 1001 1664 sed
1026 1601 1053 1664 ei
1078 1619 1135 1666 nos
1160 1600 1294 1666 subdere

149 1708 274 1785 uolunt,
298 1706 389 1771 ouius
414 1711 446 1770 et
469 1705 531 1789 ipsi
556 1707 822 1788 contemplatione
850 1707 937 1772 beati
970 1712 1053 1783 sunt,
1087 1709 1120 1771 et
1151 1705 1190 1770 ad
1222 1725 1294 1770 eum

149 1834 205 1878 nos
230 1813 403 1895 peruenire,
429 1831 447 1876 o
471 1833 532 1896 qrro
557 1813 618 1896 ipsi
643 1832 702 1878 non
727 1817 937 1878 recesserunt,
981 1812 1014 1878 Si
1043 1817 1150 1906 nutem
1179 1811 1294 1896 angeli,

150 1921 203 2003 qui
228 1939 288 1984 non
313 1917 368 1984 uni
392 1919 449 1984 sed
472 1921 618 2002 plurimis
643 1920 797 1984 sacrificia
819 1919 886 1985 fieri
909 1920 1033 1996 uolunt,
1058 1941 1118 1986 non
1143 1919 1214 1997 sibi,
1239 1918 1295 1984 sed

151 2029 195 2092 eis
228 2027 277 2093 dis
305 2027 429 2106 uolunt,
455 2045 590 2110 quorum
616 2027 744 2092 deorum
775 2027 879 2110 angeli
912 2031 999 2092 sunt:
1043 2027 1137 2092 eliam
1171 2026 1217 2092 siu
1250 2026 1303 2090 eis

108 2155 131 2194 rs
149 2135 361 2218 praeponendi
385 2136 460 2198 sunt
483 2135 541 2212 illi,
566 2134 620 2217 qui
644 2134 739 2199 unius
764 2135 823 2199 Dei
848 2135 977 2200 deorum
1002 2135 1104 2218 angeli
1133 2137 1218 2212 sunt,
1243 2135 1293 2198 eui

150 2241 318 2307 sacrificari
343 2241 388 2308 sie
412 2241 531 2319 iubent,
552 2247 588 2305 ut
607 2241 700 2306 elicui
720 2241 810 2306 alleri
829 2247 948 2318 uolent,
970 2261 1042 2306 eum
1062 2261 1168 2306 eorum
1188 2241 1294 2305 nullus

149 2349 224 2413 huie
248 2351 346 2428 uolet,
367 2349 418 2413 cui
438 2349 491 2412 uni
511 2349 566 2413 isti
586 2349 753 2412 saerilioari
771 2349 891 2413 iubent.
917 2349 1014 2413 Porro
1034 2349 1072 2426 si,
1093 2348 1178 2430 quod
1193 2348 1294 2432 magis

149 2454 269 2520 indicat
292 2475 401 2521 eorum
425 2456 561 2539 superba
584 2456 719 2534 fallacia,
744 2477 799 2521 neo
823 2457 897 2520 boui
917 2475 973 2520 nec
993 2457 1144 2520 bonorum
1165 2453 1294 2520 deorum

150 2563 255 2646 angeli
283 2565 368 2630 sunt.
397 2563 453 2628 sed
487 2563 655 2628 doemones
689 2564 774 2640 mali,
809 2563 863 2646 qui
897 2583 956 2627 non
990 2582 1087 2628 unum
1121 2563 1225 2628 solum
1259 2581 1295 2624 no

106 2692 131 2731 eo
150 2690 312 2734 summum
344 2670 459 2747 Deum,
489 2671 546 2736 sed
575 2691 608 2735 se
636 2676 724 2753 ipsos
758 2671 921 2735 sacrifieiis
955 2670 1016 2735 ooli
1050 2670 1177 2733 uolunt:
1211 2667 1295 2751 quod

150 2778 253 2841 maius
277 2797 371 2859 quam
396 2779 490 2842 unius
515 2777 574 2841 Dei
599 2782 783 2842 contrusus
808 2777 989 2862 eligendum
1014 2781 1063 2841 est
1090 2774 1293 2860 praesidium,

150 2883 201 2947 eui
243 2884 385 2948 seruiunt
426 2885 527 2968 angeli
569 2883 654 2959 boni,
696 2885 750 2968 qui
791 2904 852 2949 nou
893 2885 963 2960 sibi,
1002 2883 1058 2948 sed
1099 2883 1146 2946 illi
1184 2881 1295 2944 iubent

149 2995 187 3054 ut
215 2991 368 3056 sacrificio
401 2992 587 3068 seruiamus
616 2991 708 3055 euius
742 3011 798 3056 nos
832 2989 894 3075 ipsi
923 3010 992 3054 esse
1022 2989 1210 3054 sacrificium
1244 2987 1294 3052 de·

149 3097 283 3160 bemus?

188 3341 377 3398 loriornma
449 3341 629 3409 quoequoris
700 3340 810 3394 3illib
892 3343 1060 3396 4suntom.
1081 3356 1122 3393 ae
1197 3338 1295 3391 8suut

151 3428 196 3497 qui
216 3429 368 3499 ubelpm·
386 3431 451 3482 suut
469 3428 510 3482 illl
530 3430 576 3498 qui
594 3446 610 3484 v
628 3429 727 3484 Domb.
826 3430 944 3483 omnium
963 3446 1013 3486 om.
1036 3429 1065 3482 a¹
1156 3429 1172 3481 9
1192 3427 1293 3494 umore]

151 3518 238 3570 animo
255 3535 276 3586 p
345 3519 378 3571 10
398 3516 515 3586 diligant
534 3519 715 3586 eipsolr²f
730 3518 843 3585 Domb.;
863 3518 982 3586 diligunt
1002 3517 1109 3572 ablr¹v
1183 3517 1215 3569 12
1235 3531 1294 3585 per·

150 3609 244 3661 uenire
264 3611 429 3677 quaerunts
502 3609 568 3677 non]
588 3625 732 3678 numquam
754 3625 772 3662 a
845 3609 946 3676 antem]
967 3624 1030 3676 ergo
1050 3624 1068 3660 a
1133 3607 1166 3659 14
1186 3605 1224 3658 eis
1244 3604 1295 3656 diis

150 3696 321 3765 soluoutps
393 3698 431 3751 sic
451 3699 501 3768 eis]
522 3697 616 3767 ipsise
672 3699 703 3751 17
724 3701 801 3751 uetet
821 3701 848 3750 et
866 3701 1142 3750 exueteturoorr.a
1198 3694 1231 3746 18
1249 3709 1295 3746 su·

149 3785 420 3854 perbfa,ieros.‚a
475 3787 507 3841 19
527 3803 580 3840 non
600 3786 688 3840 solum
707 3802 829 3840 unuma
883 3782 1034 3854 20qn0o1
1089 3781 1294 3850 ‘llmsgisob

150 3873 319 3942 diligendum
338 3892 352 3928 e
406 3876 440 3930 23
459 3875 548 3932 sacrif.
568 3893 625 3930 esse
646 3875 737 3930 abso
