3072 4928
406 451 457 504 De
486 451 658 505 ciuitate
687 450 748 505 dei
771 451 892 506 lib.Il.
913 469 987 524 cap.
1008 453 1051 508 24.
1257 459 1298 521 97

146 644 319 727 iniquitate
351 645 565 712 discesserint.
603 646 737 710 Prorsus
761 646 806 710 ibi
830 650 932 722 erant3
961 645 1147 730 produntur,
1173 649 1299 712 conuin-

147 755 278 826 cuntur;
294 769 352 816 nec
367 751 536 816 subuenire
549 751 769 834 praecipiendo
785 771 842 816 nec
856 751 955 817 latere
969 753 1102 817 tacendo
1116 756 1298 836 potuerunt.

147 855 273 922 Omitto
302 859 385 940 quod
413 857 533 922 Marius
562 875 580 921 a
608 857 835 922 miserantibus
863 859 1136 924 Minturnensibus
1160 859 1298 925 Maricas

147 963 228 1027 deas
255 963 287 1027 in
311 964 384 1028 luco
409 964 476 1028 eius
502 963 741 1027 commendatus
767 967 825 1042 est,
850 967 886 1026 ut
910 963 938 1028 ei
963 963 1067 1028 omnia
1088 971 1297 1048 prosperaret,

114 1073 183 1134 cet
206 1089 242 1134 er
265 1089 391 1134 summa
414 1069 634 1152 desperatione
658 1087 805 1134 reuersus
828 1070 998 1135 incolumis
1022 1070 1054 1134 in
1075 1071 1191 1136 Urbem
1210 1072 1300 1138 duxit

148 1175 310 1240 crudelem
331 1174 468 1240 crudelis
487 1176 673 1252 exercitum3
692 1176 749 1240 ubi
769 1195 864 1258 quam
885 1181 1023 1255 cruenta,
1045 1197 1139 1259 quam
1159 1178 1298 1244 inciuilis

147 1283 324 1365 hostilique
338 1281 492 1347 inmanior
502 1281 571 1346 eius
585 1281 720 1347 uictoria
729 1281 834 1360 suerit,
846 1301 900 1347 eos
916 1283 970 1366 qui
986 1285 1299 1370 scripseruntlegant

147 1391 205 1472 qui
228 1391 352 1454 uolunt.
387 1387 450 1454 Sed
473 1389 544 1466 hoc,
568 1393 605 1454 ut
628 1388 701 1470 diri,
727 1389 850 1466 omitto,
875 1407 931 1454 nec
955 1389 1093 1456 Maricae
1117 1391 1222 1457 nescio
1247 1393 1298 1457 cui

145 1497 254 1561 tribuo
278 1496 371 1561 Marii
398 1496 601 1582 sanguineam
627 1496 824 1574 felicitatem,
850 1497 906 1562 sed
930 1499 1074 1563 occultae
1097 1500 1204 1582 potius
1228 1519 1298 1582 pro-

100 1602 308 1668 renidentias
340 1603 400 1667 Dei
432 1602 472 1667 ad
503 1604 638 1668 istorum
672 1623 725 1668 ora
758 1603 932 1668 claudenda
965 1623 1081 1686 eosque
1119 1604 1158 1669 ab
1195 1625 1297 1670 errore

145 1709 338 1788 liberandos,
356 1710 486 1791 quinon
502 1709 617 1775 studiis
633 1713 740 1794 agunt,
758 1709 814 1774 sed
833 1709 910 1774 haec
928 1710 1099 1794 prudenter
1117 1711 1296 1790 aduertunt,

145 1819 233 1899 quia,
267 1817 329 1882 etsi
361 1815 481 1898 aliquid
512 1816 545 1880 in
577 1817 627 1880 his
660 1816 755 1882 rebus
789 1817 957 1881 daemones
994 1821 1140 1898 possunt,
1173 1820 1297 1884 tanturn

143 1927 293 2007 possunt,
318 1929 469 2007 quantum
500 1927 620 1990 secreto
650 1925 877 2006 omnipotentis
907 1924 1035 1988 arbitrio
1058 1925 1295 2007 permittuntur,

145 2049 186 2094 ne
218 2031 503 2114 magnipendamus
540 2035 696 2096 terrenam
733 2031 930 2106 felicitatem,
965 2051 1044 2113 quae
1083 2031 1167 2096 sicut
1195 2033 1296 2098 Mario

95 2137 240 2205 ramalia
273 2137 369 2201 etiam
407 2138 593 2221 plerumque
631 2137 824 2214 conceditur,
856 2156 914 2202 nec
952 2157 1021 2201 eam
1057 2157 1167 2202 rursus
1206 2139 1297 2221 quasi

143 2243 261 2308 malam
288 2244 486 2323 arbitremur,
508 2263 580 2309 cum
605 2263 640 2308 ea
663 2244 784 2308 multos
808 2243 903 2308 etiam
927 2245 997 2327 pios
1022 2263 1058 2308 ac
1081 2243 1181 2309 bonos
1201 2246 1295 2312 unius

142 2349 214 2414 ueri
238 2350 298 2414 Dei
328 2351 465 2416 cultores
493 2350 605 2416 inuitis
635 2350 841 2416 daemonibus
865 2350 1095 2433 praepolluisse
1117 2351 1294 2431 uideamus,

143 2475 204 2521 nec
242 2457 370 2522 eosdem
406 2457 668 2523 inmundissimos
707 2458 839 2540 spiritus
872 2458 925 2522 uel
956 2464 1085 2540 propter
1115 2457 1194 2524 haec
1225 2458 1295 2540 ipsa

141 2564 228 2628 bona
255 2566 380 2628 malaue
407 2569 531 2628 terrena
558 2564 775 2648 propitiandos
804 2566 861 2628 aut
883 2563 1042 2628 timendos
1067 2565 1293 2641 existimemus,

92 2699 121 2737 20
142 2671 231 2752 quia,
262 2671 346 2736 sicut
377 2671 439 2752 ipsi
471 2672 546 2735 mali
579 2671 723 2735 homines
757 2671 788 2734 in
821 2674 913 2748 terra,
946 2671 992 2735 sic
1026 2671 1120 2736 etiam
1153 2671 1201 2735 illi
1232 2690 1294 2735 non

141 2777 252 2842 omnia
276 2797 356 2860 quae
381 2777 493 2842 uolunt
514 2777 616 2841 facere
639 2781 784 2861 possunt,
805 2777 866 2842 nisi
889 2780 1042 2858 quantum
1065 2777 1152 2842 illius
1173 2778 1294 2843 ordina-

140 2885 231 2950 tione
264 2885 388 2962 sinitur,
423 2885 514 2948 cuius
545 2884 637 2967 plene
668 2883 788 2949 iudicia
818 2903 908 2949 nemo
942 2884 1176 2968 conprehendit,
1209 2885 1293 2950 iuste

140 3009 238 3055 nemo
261 2991 472 3072 reprehendit.

574 3131 711 3198 CAPUT
733 3131 866 3196 XXIIII.

89 3284 117 3324 as
141 3259 201 3322 De
231 3257 414 3341 Syllanis
448 3256 622 3334 actibus,
651 3275 819 3338 quorum
848 3275 888 3320 sc
918 3254 1132 3319 daemones
1161 3257 1289 3320 osten-

506 3363 689 3428 tauerInt
712 3361 934 3426 adiutores.

188 3489 276 3572 Sylla
304 3491 386 3552 certe
409 3487 488 3571 ipse,
513 3487 603 3552 cuius
628 3491 771 3569 tempora
793 3487 870 3552 talia
893 3487 1031 3564 fuerunt,
1056 3488 1092 3550 ut
1116 3485 1288 3568 superiora,

139 3615 279 3680 quorum
306 3595 422 3660 uindex
448 3614 519 3659 esse
547 3593 725 3670 uidebatur,
754 3594 882 3657 illorum
915 3593 1135 3676 conparatione
1165 3611 1292 3674 quaere-

179 3803 429 3858 ldiscesscrunte
518 3804 613 3857 lloco
636 3802 666 3858 0¹
759 3801 934 3856 blncolomis
957 3801 990 3854 0¹
1080 3785 1247 3865 decedente
1264 3800 1290 3853 L

138 3893 282 3950 ciuilisC¹
339 3893 563 3962 lhostilisquee
618 3894 648 3946 11
665 3891 851 3946 liueran.L.l
924 3889 1112 3960 prudentesC
1166 3889 1198 3944 14
1212 3904 1291 3942 nece

139 3989 176 4040 15
195 3984 354 4054 plerumque
372 3999 458 4051 espace
476 3982 515 4035 ad
533 3982 615 4036 etiarn
635 3997 687 4036 om.
707 3981 731 4034 e¹
813 3981 845 4034 16
865 3980 891 4032 in
913 3996 952 4037 ea.
972 3979 1000 4032 in
1019 3995 1053 4034 nc,
1072 3981 1090 4030 2
1107 3995 1167 4045 sup.
1189 3977 1248 4040 lic„
1267 3981 1290 4029 Λ

139 4075 175 4129 17
194 4073 248 4126 Dei
266 4073 355 4126 ueriv
409 4072 443 4124 22
462 4071 561 4125 sinitur
578 4069 656 4124 codd.
667 4075 781 4139 praeter
794 4085 821 4138 q;
843 4069 968 4121 sinuntur
982 4083 1022 4135 qo
1094 4067 1182 4136 plena,
1196 4081 1291 4132 super·

137 4165 243 4233 amplo
257 4163 271 4216 l
283 4162 373 4232 plane,
389 4160 418 4224 ὸς
433 4177 483 4214 ooo.
493 4160 528 4229 pl
583 4161 654 4214 iuste
669 4175 746 4214 nemo
761 4157 936 4262 reprghendit
950 4173 1000 4211 om.
1016 4155 1049 4208 Αἵ
1057 4155 1089 4224 p¹
1146 4157 1179 4208 25
1199 4156 1289 4206 osten·

138 4277 307 4340 taucrintbh
325 4278 613 4345 ostentauerantpqc
667 4271 914 4344 actemporaliao
967 4277 1061 4326 utom.
1081 4269 1113 4325 0¹
1168 4268 1289 4324 28illius

139 4369 196 4434 de;
216 4369 230 4422 l
248 4369 324 4422 illius
344 4381 413 4420 corr.
432 4383 466 4420 m.
485 4365 517 4419 irc
535 4381 621 4434 marp.
642 4363 664 4417 0

166 4494 247 4534 xxxx
262 4493 320 4542 Αιις.
337 4501 408 4542 opera
423 4489 499 4530 Sectlo
515 4487 535 4526 V
551 4499 602 4539 pars
617 4489 636 4530 1.
1237 4465 1252 4516 'I
