3136 4928
261 457 326 520 518
604 451 632 507 S.
660 452 817 507 Aurelii
845 451 1061 522 Augustini

258 647 471 713 substantiam
503 646 574 726 Dei,
603 666 698 730 quern
730 665 788 712 nec
818 646 988 712 includunt
1018 667 1077 712 neo
1110 646 1322 712 determinant
1354 666 1411 712 nec

258 754 444 820 distendunt
470 754 552 832 loco,
583 753 639 818 sed
667 753 857 832 eamdent
884 753 1012 819 deDeo
1043 754 1159 818 sentire
1187 752 1320 838 dignum
1350 757 1409 832 est,

257 862 396 926 fatentur
418 861 603 943 incorporea
625 860 804 944 praesentia
826 859 944 943 ubique
967 862 1079 940 totam,
1104 860 1242 926 stantis
1264 861 1411 926 locorum

257 970 343 1032 extra
366 968 519 1033 mundum
544 966 656 1049 spatiis
681 967 843 1032 absentem
867 985 937 1032 esse
961 966 1078 1032 dicturi
1101 969 1186 1046 sunt,
1206 969 1238 1031 et
1259 985 1323 1031 uuo
1343 970 1411 1031 tan·

255 1077 326 1139 tum
345 1074 448 1156 adque
466 1075 498 1139 in
518 1073 772 1155 conparationem
796 1073 885 1138 illius
909 1073 1075 1138 infinitatis
1098 1077 1162 1140 tam
1188 1074 1302 1158 exiguo
1325 1073 1410 1151 loco,
1440 1097 1452 1135 e

255 1180 288 1244 in
321 1200 383 1264 quo
415 1179 553 1245 mundus
587 1184 648 1259 est,
681 1183 890 1263 occupatam?
930 1181 1002 1246 Non
1036 1181 1148 1265 opinor
1179 1200 1233 1247 eos
1264 1181 1298 1245 in
1332 1181 1412 1245 haec

255 1285 441 1369 uaniloquia
463 1304 697 1371 progressuros.
735 1286 816 1351 Cum
847 1287 947 1371 igitur
977 1306 1077 1351 unum
1106 1287 1260 1352 mundum
1288 1287 1413 1372 ingenti

256 1391 383 1475 quidem
412 1393 495 1458 mole
524 1411 682 1474 corporea,
706 1391 832 1457 finitum
857 1394 962 1457 tamen
987 1395 1019 1456 et
1041 1392 1112 1457 loco
1137 1411 1195 1457 suo
1220 1392 1411 1457 determina-

255 1503 325 1564 tum
358 1503 390 1564 et
423 1503 570 1582 operante
597 1500 666 1564 Deo
699 1499 818 1565 facturn
852 1519 922 1564 esse
951 1499 1071 1565 dicant:
1106 1499 1190 1582 quod
1217 1499 1411 1581 respondent

256 1605 294 1670 de
321 1605 453 1671 infinitis
482 1610 569 1672 extra
596 1606 750 1671 mundum
779 1607 870 1686 locis,
895 1626 976 1689 quur
1002 1608 1034 1671 in
1063 1607 1109 1672 eis
1138 1606 1177 1670 ab
1202 1625 1296 1690 opere
1321 1606 1409 1671 Deus
1427 1631 1451 1670 ro

256 1714 370 1790 cesset,
398 1712 459 1777 hoc
488 1711 549 1776 sibi
576 1712 787 1795 respondeant
815 1713 852 1776 de
881 1712 1013 1778 infinitis
1043 1717 1115 1777 ante
1145 1712 1301 1777 mundum
1329 1716 1409 1777 tem·

255 1818 397 1900 poribus,
431 1838 513 1901 quur
548 1817 580 1882 in
619 1819 664 1885 eis
702 1820 740 1883 ab
775 1838 867 1901 opere
900 1819 988 1884 Deus
1025 1819 1209 1884 cessasent.
1250 1818 1293 1884 at
1325 1819 1409 1884 sieut

256 1943 317 1989 non
350 1929 400 1989 est
427 1944 637 2008 consequens,
665 1929 703 1991 ut
729 1926 861 1991 fortuito
890 1927 998 2010 potius
1028 1945 1122 2008 quem
1149 1926 1272 1990 ratione
1301 1925 1409 1990 diuina

255 2031 343 2096 Deus
367 2050 427 2096 oon
451 2031 524 2109 ulio,
544 2031 599 2096 sed
623 2031 686 2097 isto
709 2032 740 2096 in
766 2051 827 2115 quo
853 2037 903 2097 est
924 2032 995 2098 loco
1019 2031 1173 2096 mundum
1193 2032 1406 2110 constituerit,

255 2155 328 2201 cum
370 2138 487 2220 pariter
522 2137 652 2203 infinitis
689 2138 806 2220 ubique
844 2139 1027 2221 patentibus
1064 2138 1151 2203 nullo
1185 2139 1405 2204 excellentiore
1424 2163 1446 2202 ro
1553 2151 1554 2196 3

254 2244 367 2308 merito
399 2247 510 2327 posset
536 2244 588 2309 hic
616 2245 703 2328 eligi,
732 2245 878 2328 quamuis
914 2245 1043 2309 eandem
1072 2243 1211 2308 diuinam
1239 2245 1405 2319 rationem.

256 2370 319 2433 qua
348 2349 381 2414 id
413 2349 534 2416 factum
563 2353 622 2428 est,
651 2350 739 2415 nulla
766 2351 870 2433 possit
897 2351 1034 2416 humana
1061 2349 1330 2433 conprehendere:
1362 2350 1406 2414 ita

255 2475 315 2521 non
355 2459 405 2522 est
437 2475 644 2539 consequens,
676 2459 714 2521 ut
744 2456 812 2522 Deo
845 2457 965 2539 aliquid
999 2456 1217 2522 existimemus
1251 2456 1405 2521 accidisse

254 2562 432 2641 fortuitum,
457 2561 620 2645 quoditie
648 2563 756 2646 potius
790 2581 883 2646 quarn
913 2563 1067 2628 anteriore
1094 2566 1235 2646 tempore
1265 2562 1406 2628 condidit

253 2668 418 2748 mundum,
438 2688 511 2734 cum
535 2670 709 2752 aequaliter
732 2669 888 2735 anteriora
909 2673 1053 2752 tempora
1071 2687 1126 2754 per
1143 2667 1303 2733 infinitum
1322 2672 1403 2734 retro
1420 2695 1443 2734 ro
1553 2709 1554 2750 p

255 2776 393 2859 spatium
416 2767 645 2858 praeterissent
664 2795 722 2840 nec
744 2776 862 2840 fuisset
885 2775 991 2858 aliqua
1014 2775 1199 2852 differentia,
1220 2775 1305 2839 unde
1326 2777 1403 2840 tem·

254 2901 315 2966 pus
330 2882 466 2965 tempori
481 2881 626 2966 eligendo
645 2885 898 2965 praeponeretur.
923 2882 1015 2962 Quod
1035 2881 1062 2947 si
1082 2881 1193 2946 dicunt
1209 2881 1322 2946 inanes
1336 2901 1403 2946 esse

253 2989 419 3053 hominum
447 2988 666 3073 cogitationes,
692 2989 807 3071 quibus
835 2987 958 3054 infinita
985 2989 1199 3073 imaginantur
1225 2989 1402 3067 ledaeum

253 3095 344 3160 locus
372 3096 480 3160 nullus
505 3096 549 3160 sit
570 3098 694 3178 praeter
716 3095 881 3173 mundum,
904 3095 1114 3178 respondetur
1137 3095 1183 3159 eis
1205 3094 1269 3158 isto
1294 3095 1401 3160 modo:

253 3200 389 3266 inaniter
419 3203 563 3267 homines
593 3202 733 3286 cogitare
761 3202 930 3284 praeterita
957 3206 1100 3285 tempora
1128 3201 1305 3266 uacationis
1335 3201 1401 3278 Dei,
1417 3229 1437 3270 re

255 3327 326 3372 cum
352 3312 479 3392 tempus
504 3309 627 3374 nullum
653 3309 696 3373 sit
719 3314 790 3374 ante
814 3309 979 3374 mundum.

291 3551 306 3604 3
325 3553 413 3604 totum
433 3549 455 3605 t¹
539 3555 555 3606 5
574 3552 603 3604 in
623 3551 844 3620 conparationem
869 3552 906 3619 V;
923 3551 951 3604 in
970 3551 1172 3620 comparatione
1190 3551 1249 3604 rell.
1270 3568 1286 3605 o
1304 3549 1397 3604 Domt.

255 3666 853 3735 (1112120.148,6;έη]<να510,25)
919 3667 1050 3721 infinitati
1069 3667 1149 3721 istem
1173 3665 1200 3718 V
1244 3667 1277 3721 10
1297 3631 1401 3737 qudrV

256 3755 286 3808 11
307 3755 346 3809 ibi
370 3755 403 3807 V¹
460 3754 659 3810 resonuisse
714 3757 747 3810 15
766 3739 957 3825 parentibust
1028 3756 1055 3808 in
1075 3755 1132 3823 illo,
1152 3771 1185 3809 erc
1203 3754 1279 3809 nullo
1298 3757 1397 3818 comt

256 3845 288 3900 16
308 3845 424 3914 poesitt
490 3844 700 3914 liquamine
771 3842 873 3898 nullam
892 3862 918 3914 p.
938 3845 1115 3898 humanamt
1184 3842 1395 3899 humansintel·

254 3933 408 4002 legentiae
493 3934 526 3987 19
546 3934 617 4003 quod
638 3933 660 3996 si
685 3933 711 3986 V
797 3932 919 3988 condidit
936 3950 1021 4002 amque
1040 3933 1079 3987 od
1095 3936 1220 4002 tempora
1237 3934 1269 3987 in
1287 3935 1395 4002 morpt

253 4021 288 4076 20
308 4037 366 4075 cunr
386 4038 436 4076 om.
457 4022 468 4075 t
521 4023 555 4076 23
576 4023 745 4092 cognitiones
764 4028 775 4075 t
828 4024 863 4078 26
882 4023 985 4076 nullum
1003 4026 1144 4092 tempusa
