3136 4934
381 451 431 506 De
460 451 633 505 ciuitate
663 452 723 505 dei
751 451 815 505 lib.
840 451 915 506 VIII.
944 467 1018 522 cap.
1043 453 1086 506 21.
1239 455 1304 520 389

155 648 186 711 di
212 645 359 711 sentiunt
381 649 413 710 et
436 646 508 710 inde
532 647 688 731 colligunt
717 646 793 729 quid
822 647 916 711 etiam
950 647 1119 712 daemones
1149 647 1303 725 nuntient,

154 757 294 836 possunt
332 756 364 818 et
396 752 568 818 mendaciis
600 755 788 818 daemonnm
824 752 937 836 decipi.
983 755 1080 819 Porro
1114 754 1141 818 si
1174 754 1303 818 deorum

155 860 310 924 diuinitas
334 879 353 923 a
376 859 582 924 daemonibus
602 878 662 924 non
683 864 790 943 potest
808 860 885 938 falli,
907 861 1014 926 eodem
1035 860 1201 925 diuinitate
1221 861 1304 942 quod

155 967 282 1049 agimus
308 985 368 1030 non
392 971 499 1049 potest
521 967 666 1051 ignorari.

121 1100 134 1138 5
199 1074 328 1138 Vellem
367 1078 473 1138 antam
506 1075 585 1138 mihi
621 1075 676 1138 isti
714 1073 863 1150 dicerent,
901 1077 1009 1138 utrum
1048 1073 1096 1137 dis
1134 1074 1303 1138 daemones

153 1180 374 1245 nuntiauerint
397 1180 435 1244 de
459 1181 644 1245 criminibus
676 1181 805 1245 deorum
834 1180 957 1264 poetica
981 1181 1107 1245 Platoni
1136 1180 1303 1263 displicere

152 1289 308 1374 figmenta
332 1293 364 1351 et
388 1288 450 1352 sibi
479 1307 514 1353 ea
547 1289 671 1371 placere
706 1289 889 1368 celanerint,
924 1309 960 1352 aa
994 1294 1164 1369 ntrrrmque
1199 1286 1302 1353 occul-

152 1395 296 1460 touerint
320 1394 458 1477 deosque
483 1415 553 1460 esse
579 1396 748 1459 maluerint
771 1396 873 1460 totius
897 1395 940 1458 rei
964 1395 1060 1460 huius
1093 1396 1230 1478 ignaros,
1264 1413 1301 1458 an

152 1507 328 1585 utrumque
368 1503 589 1579 iudicauerint,
629 1509 661 1566 et
701 1503 883 1587 religiosam
927 1521 1000 1586 erga
1042 1501 1117 1566 deos
1158 1502 1301 1566 Platonis

108 1609 354 1692 inprudentiam
381 1612 412 1674 et
440 1609 471 1673 in
501 1610 577 1675 deos
610 1611 796 1674 iniuriosam
828 1609 992 1674 libidinem
1027 1629 1128 1685 suam,
1162 1629 1199 1673 an
1233 1630 1301 1674 sen-

151 1717 288 1780 tentiam
312 1716 439 1799 quidem
464 1715 618 1792 Platonis,
644 1737 707 1799 qua
733 1717 837 1781 noluit
865 1717 940 1781 deos
968 1737 1024 1799 per
1055 1716 1171 1797 inplam
1205 1716 1301 1780 licen·

151 1825 233 1886 tiam
257 1827 421 1905 poetarum
452 1823 541 1888 falsis
571 1823 757 1888 criminibus
785 1823 940 1902 infamari,
973 1824 1115 1908 ignotam
1149 1823 1198 1887 dis
1231 1841 1300 1886 esse

151 1929 324 2004 noluerint,
350 1949 440 1993 suam
463 1948 538 1994 uero
563 1931 747 2013 nequitiam,
777 1950 839 2011 que
865 1930 959 1994 ludos
989 1930 1149 1994 scaenicos
1183 1933 1300 2004 amant,

151 2037 271 2118 quibus
286 2035 342 2099 illa
357 2035 485 2100 deornnr
503 2037 654 2101 dedecora
670 2037 876 2114 celebrantur,
893 2037 1023 2120 prodere
1038 2055 1097 2100 non
1118 2036 1302 2100 erubuerint

107 2169 132 2208 1⁵
151 2145 206 2206 uel
230 2143 405 2208 timuerint.
442 2143 563 2208 Horum
589 2145 748 2226 quattuor,
773 2161 853 2225 qnae
886 2142 1106 2227 interrogando
1138 2143 1300 2224 proposui,

151 2250 320 2332 quodlibet
344 2250 464 2333 eligent
488 2251 573 2314 etin
598 2251 740 2333 quolibet
765 2269 872 2314 eorum
898 2253 1050 2332 quantum
1079 2249 1155 2313 mali
1184 2249 1222 2314 de
1252 2249 1299 2313 dis

151 2357 245 2440 bonis
270 2358 437 2438 opinentur
461 2358 639 2423 adtendant.
687 2357 719 2422 si
750 2358 832 2422 enim
861 2359 999 2440 primum
1033 2356 1195 2440 elegerint,
1227 2376 1299 2420 con·

151 2464 269 2528 sessuri
295 2469 369 2554 scant
392 2483 452 2528 oon
471 2465 604 2530 licuisse
624 2465 671 2529 dis
691 2465 781 2529 bonis
801 2465 941 2529 habitare
963 2483 1033 2528 cum
1055 2463 1135 2527 bono
1155 2462 1298 2540 Platone,

151 2571 279 2652 qnando
304 2589 412 2634 eorum
435 2571 565 2635 iniurias
589 2572 785 2654 prohibebat,
810 2575 842 2636 et
864 2571 1025 2634 habitasse
1048 2589 1121 2634 curn
1142 2569 1300 2634 daemoni-

106 2679 213 2744 acbus
238 2677 341 2752 malis,
371 2678 495 2759 quando
530 2697 638 2742 eorum
670 2678 795 2742 iniuriis
828 2677 1021 2754 exultabant,
1056 2696 1127 2741 cum
1162 2675 1193 2739 di
1224 2676 1298 2739 boni

148 2785 311 2848 hominem
342 2785 458 2848 bonnm
486 2786 579 2869 longe
613 2805 631 2848 a
663 2805 698 2849 se
733 2786 873 2868 positum
912 2804 971 2860 non
1010 2783 1072 2848 nisi
1105 2803 1161 2866 per
1196 2783 1298 2847 malos

150 2891 322 2956 daemones
346 2896 486 2968 nossent,
511 2911 591 2975 quos
616 2893 739 2956 uicinos
765 2911 857 2957 nosse
881 2912 941 2956 non
966 2895 1107 2973 possent.
1132 2889 1166 2955 Si
1191 2894 1295 2953 autern

150 2998 327 3062 secundnm
357 2999 510 3083 elegerint
544 3004 576 3064 ct
608 3004 778 3080 utrumque
812 2998 1007 3063 occultatum
1041 3017 1059 3062 a
1091 2997 1296 3062 daemonibus

150 3105 297 3182 dixerint,
323 3107 359 3170 nt
383 3105 414 3168 di
443 3107 568 3171 omnino
599 3107 756 3170 nescirent
789 3110 819 3170 et
847 3106 989 3170 Platonis
1023 3104 1296 3188 religiosissimam

106 3241 130 3279 ee
150 3213 256 3296 legem
282 3215 315 3276 et
338 3211 527 3276 daemonum
552 3213 738 3297 sacrilegam
765 3212 1023 3276 delectabonem:
1049 3211 1123 3294 qnid
1147 3210 1178 3274 in
1202 3211 1296 3274 rebus

148 3320 297 3383 humanis
322 3338 377 3402 per
399 3319 609 3384 internuntios
635 3319 802 3384 daemonas
829 3319 859 3383 di
883 3338 976 3383 nosse
1000 3318 1124 3383 utiliter
1152 3320 1295 3399 possunt,

149 3424 275 3506 quando
300 3424 355 3488 illa
379 3425 535 3501 nesciunt,
561 3445 641 3508 quae
665 3425 695 3489 in
722 3425 870 3489 bonorem
894 3425 1049 3490 bonorum
1073 3423 1202 3488 deorum
1226 3423 1296 3486 reli-

148 3532 242 3614 gione
265 3532 420 3596 bonorum
439 3532 603 3596 hominurn
623 3535 731 3596 contra
747 3531 911 3596 libidinem
933 3532 1087 3597 malorum
1107 3532 1295 3594 daemonum

149 3637 382 3702 decernuntur?
421 3639 453 3704 si
478 3658 551 3704 uero
581 3640 710 3703 tertium
745 3639 899 3724 elegerint
932 3643 964 3702 et
995 3658 1055 3702 non
1090 3639 1193 3702 solum
1227 3657 1296 3701 sen-

104 3744 282 3812 aotentiam
317 3745 458 3809 Platonis
497 3745 625 3810 deorum
664 3745 795 3810 iniurias
834 3745 1061 3828 prohibentem,
1101 3744 1157 3809 sed
1199 3743 1292 3807 etiam

181 3953 313 4009 3eadem
336 3937 860 4024 Oabdelpenk;abeademqfo
914 3953 1105 4008 5islimthe
1160 3950 1294 4004 ‘lsibiea

146 4043 319 4114 displiceres
369 4043 598 4098 101iuidine1n0
646 4045 1112 4099 14erubueruntnectimuerunts
1163 4043 1195 4094 15
1210 4039 1293 4092 inter-

144 4159 296 4230 rogandes
351 4161 383 4213 17
404 4159 674 4266 ermengarium
730 4160 961 4215 sucronemne
1016 4159 1050 4211 22
1070 4123 1171 4211 niciml
1230 4170 1293 4223 pos·

145 4276 255 4332 sintdl
311 4276 489 4330 2401111100
559 4277 631 4329 ornni
650 4293 702 4330 non
722 4277 856 4330 scirentd
909 4278 942 4330 27
963 4276 1035 4329 deor.
1055 4274 1116 4328 bon.
1136 4287 1173 4327 so
1246 4287 1294 4340 per

145 4365 341 4436 religionems
394 4365 429 4418 28
447 4364 590 4419 libidinum
613 4365 645 4418 0¹
701 4367 735 4420 30
754 4366 932 4435 prohibentis,
952 4366 975 4418 is
995 4381 1087 4418 eccm
1107 4377 1217 4430 ουτω
