3108 4926
395 439 445 492 De
474 438 648 494 ciuitate
677 440 738 494 dei
765 440 831 494 lib.
855 441 902 496 Vl.
927 459 1001 512 cap.
1027 444 1051 499 7.
1234 446 1298 510 283

151 633 254 718 magis
270 652 338 697 eam
360 651 395 697 ex
413 636 546 716 utreque
565 635 773 716 temperatam
793 653 887 716 quam
911 634 949 699 ab
968 637 1102 718 utraque
1122 639 1298 718 separatam

152 739 296 824 intellegi
325 740 439 806 uoluit.
477 739 531 804 Ait
564 741 647 804 euim
680 760 726 820 ea,
756 760 835 823 quae
868 741 1010 806 scribunt
1041 745 1164 825 poetae,
1192 743 1298 808 minus

152 865 222 911 esse
252 865 346 929 quam
374 851 412 911 ut
439 846 549 930 pepuli
578 847 669 929 sequi
692 847 840 924 debeant3
871 867 950 930 quae
974 851 1080 913 antem
1105 849 1297 932 philosophi,

148 954 223 1034 plus
239 972 334 1036 quam
349 956 387 1017 ut
400 971 437 1018 ea
455 953 590 1038 uulgum
611 954 744 1018 serutari
764 952 917 1038 expediat.
937 952 1035 1033 ‘Quae
1055 956 1102 1021 sic
1121 956 1297 1034 abhorrent,

122 1059 264 1141 sinebit,
293 1061 330 1124 ut
356 1063 461 1125 tamen
491 1079 526 1124 ex
557 1063 689 1143 utroque
718 1080 830 1145 genere
860 1061 899 1126 ad
931 1061 1042 1127 ciuiles
1075 1063 1212 1127 rationes
1246 1063 1298 1128 ad·

149 1169 258 1232 sumta
290 1167 356 1231 sint
386 1186 446 1232 non
479 1185 589 1251 pauca.
632 1165 736 1245 Quare
773 1187 853 1250 qnae
891 1173 983 1233 erunt
1014 1168 1203 1247 communia,
1236 1189 1298 1234 una

149 1293 223 1338 cnm
254 1273 390 1356 propriis
423 1274 572 1339 ciuilibus
606 1275 796 1350 scribemus3
831 1293 847 1338 e
880 1274 996 1356 quibus
1030 1275 1129 1340 maier
1161 1277 1297 1341 societas

150 1380 245 1445 debet
273 1399 343 1444 esse
370 1380 462 1445 nobis
495 1400 567 1444 cum
600 1381 800 1464 philosophis
832 1399 927 1464 quam
960 1400 1033 1446 cum
1066 1381 1188 1464 poetie’.
1226 1381 1297 1448 Neu

150 1505 224 1570 ergo
249 1487 317 1551 ulla
340 1505 410 1551 cum
434 1487 549 1571 poetis.
587 1487 629 1550 Et
651 1490 755 1552 tamm
780 1488 842 1551 alio
866 1489 935 1553 loco
960 1487 1038 1553 dicit
1061 1489 1099 1552 de
1124 1489 1298 1572 generatio-

108 1593 244 1660 mnibus
281 1594 410 1658 deorum
447 1593 550 1678 magis
587 1593 626 1658 ad
663 1599 772 1679 poetas
810 1613 904 1678 quam
943 1594 982 1659 ad
1014 1595 1164 1678 physicos
1196 1596 1297 1661 fuisse

149 1700 284 1783 populos
307 1699 489 1764 inclinatos.
520 1699 584 1764 Hic
607 1700 689 1765 enim
714 1701 792 1765 dixit
815 1701 891 1784 quid
914 1701 980 1766 fieri
1006 1701 1128 1777 debeat,
1152 1701 1196 1766 ibi
1221 1700 1297 1782 quid

149 1805 212 1870 liat.
252 1806 407 1890 Physicos
431 1807 510 1871 dixit
532 1807 682 1872 utilitatis
706 1827 803 1872 causa
826 1809 1002 1893 scripsisse,
1027 1811 1137 1892 poetas
1162 1808 1296 1873 delecta·

148 1911 255 1978 benis.
293 1917 340 1978 Ac
363 1933 419 1996 per
442 1914 502 1978 hoc
526 1933 572 1990 ea,
597 1933 677 1996 quae
702 1933 719 1977 a
742 1915 845 1998 poetis
870 1915 1049 1998 conscripta
1071 1913 1181 1999 populi
1205 1916 1297 1999 sequi

148 2038 208 2083 nen
241 2020 368 2098 debent,
396 2021 527 2086 crimina
559 2024 633 2086 sunt
666 2021 806 2098 deorum,
836 2041 916 2104 quae
945 2025 1050 2087 tamen
1080 2021 1238 2088 delectent
1265 2026 1297 2087 et

108 2149 132 2190 u
149 2126 284 2210 populos
308 2131 340 2192 et
358 2125 444 2192 dees.
467 2126 696 2193 Delectationis
717 2128 799 2192 enim
820 2147 924 2205 causa,
945 2129 1030 2193 sicut
1047 2129 1134 2208 dicit,
1154 2129 1297 2194 scribunt

149 2235 270 2315 poetae,
299 2251 359 2297 non
388 2232 553 2310 utilitatis3
591 2252 628 2298 ea
654 2238 760 2299 temen
789 2236 940 2313 scribunt,
971 2253 1050 2318 quae
1079 2235 1110 2300 di
1140 2239 1295 2318 expetant,

150 2340 259 2422 populi
284 2339 457 2404 exhibeant.

608 2496 745 2564 CAPUT
769 2499 839 2563 VII.

149 2639 202 2704 De
237 2639 456 2704 fabulosae
490 2642 529 2704 et
562 2641 707 2706 ciuilis
740 2641 980 2726 theologiae
1015 2641 1296 2707 similitudine

110 2773 134 2812 20
535 2747 662 2828 adque
690 2747 916 2813 eoncordia.

191 2891 374 2954 Renccatur
399 2889 499 2974 igitur
526 2890 564 2954 ad
587 2889 769 2974 theologias
794 2890 922 2954 ciuilem
955 2889 1117 2971 theologia
1149 2890 1294 2954 fabulosa

149 2997 303 3062 theatrica
329 2995 483 3074 scaenica,
506 2995 706 3079 indignitatis
735 3000 767 3060 et
795 2995 1001 3078 turpitudinis
1030 2996 1132 3079 plena,
1157 2999 1189 3060 et
1219 2995 1296 3060 haec

149 3107 224 3182 tota,
246 3123 326 3186 quae
349 3103 461 3168 merito
486 3102 644 3185 culpanda
667 3107 699 3167 et
721 3102 898 3185 respuenda
921 3103 1089 3181 iudicatur,
1108 3123 1181 3186 pars
1200 3103 1296 3168 buius

149 3214 206 3286 est,
240 3228 322 3292 quae
355 3207 484 3274 colenda
517 3212 550 3272 et
582 3207 777 3272 obseruanda
815 3215 974 3284 censatum
1012 3228 1072 3273 nen
1111 3228 1186 3273 sane
1222 3229 1296 3292 pars

106 3343 131 3384 ae
147 3315 330 3400 incongrua,
350 3317 435 3381 sieut
453 3315 618 3380 ostendere
635 3315 772 3391 institui,
793 3318 825 3378 et
843 3334 922 3397 qnae
941 3316 980 3379 ab
1000 3315 1147 3380 uniuerso
1168 3335 1296 3400 corpere

184 3524 195 3576 l
224 3541 284 3578 eam
304 3525 424 3592 magiae
497 3523 513 3576 3
537 3525 569 3576 ut
586 3538 637 3579 om.
658 3543 675 3575 α
765 3539 834 3592 qnae
853 3523 976 3578 scribunt
993 3527 1083 3578 antem
1105 3542 1123 3578 a
1195 3527 1213 3579 4
1236 3525 1296 3579 uul-

146 3629 211 3683 gum
233 3611 402 3680 caedm-
421 3612 519 3682 uulgus
534 3629 629 3680 eppa
736 3612 888 3667 aberranti
979 3615 995 3668 6
1025 3630 1107 3683 qrrare
1127 3631 1196 3684 qnae
1215 3619 1296 3668 erunt

147 3702 263 3770 abclp
281 3701 397 3768 Domb.;
419 3701 497 3772 quale
526 3709 552 3765 (e
570 3702 603 3754 in
616 3701 676 3770 fine
694 3717 790 3756 werce
812 3719 845 3756 m.
867 3705 895 3769 2)
916 3706 1089 3771 reqnaemnt,
1110 3721 1125 3756 n
1143 3719 1177 3756 m.
1198 3704 1293 3772 2e'nj

146 3807 223 3851 corr..
247 3789 282 3856 0,·
311 3807 393 3860 quare
413 3797 497 3860 quei·
520 3791 573 3857 (ll)
594 3791 626 3857 d;
654 3807 735 3860 quare
756 3806 825 3860 quae
844 3797 908 3844 sunt
926 3808 968 3859 qv
1057 3791 1217 3855 eommunia,
1242 3809 1297 3846 una

147 3897 207 3934 cum
230 3880 347 3950 propriis
372 3879 497 3934 ciuilibus
520 3881 693 3936 scribendum
716 3887 873 3948 acceptata·
902 3882 1055 3936 communia
1078 3881 1221 3948 (communi
1250 3881 1298 3948 0¹).

147 3985 205 4022 cum
223 3967 342 4039 propriis
362 3985 416 4022 una
434 3985 493 4022 cum
514 3969 640 4022 ciuilibus
660 3969 754 4036 codd.;
773 3987 839 4023 corn.
858 3987 917 4024 cum
932 3971 1020 4040 poetis
1036 3987 1061 4026 u.
1076 3987 1097 4026 e.
1114 3969 1164 4026 cin.
1179 3986 1209 4038 v;
1228 3986 1295 4023 com.

147 4073 205 4110 cum
220 4057 330 4126 populis
345 4073 370 4110 n.
386 4073 408 4110 c.
423 4056 475 4110 cin.
490 4057 589 4110 Domb.
645 4059 660 4111 7
680 4058 822 4112 scribimus
837 4059 869 4126 d;
887 4059 1039 4113 scribentur
1054 4076 1072 4112 a
1144 4058 1295 4128 satietates,

147 4145 256 4200 duabus
276 4145 375 4200 litteras
389 4145 484 4208 erasis,
507 4145 530 4198 d
607 4147 623 4201 9
643 4146 699 4200 ulla
720 4146 767 4214 0¹5
785 4146 860 4201 nulla
880 4146 916 4199 0²
932 4149 1026 4202 celtu
1105 4147 1137 4201 13
1157 4147 1258 4216 scripta
1277 4163 1296 4200 α

148 4262 179 4315 17
199 4261 327 4316 exibeant
347 4260 357 4315 l
411 4261 443 4314 21
464 4227 631 4330 theologiaii,
650 4279 677 4315 m
695 4279 729 4317 m.
750 4279 801 4317 rec.
820 4263 1004 4332 saperecripl„
1027 4263 1063 4332 O‚·
1079 4264 1246 4334 theologiam
1262 4263 1296 4316 el

146 4351 179 4404 23
198 4353 258 4405 tnta
278 4352 288 4404 l
