3136 4934
384 440 433 493 De
464 439 637 493 ciuitate
666 439 727 493 dei
755 439 818 496 lib.
848 440 921 494 VIII.
951 457 1026 512 cap.
1055 441 1098 496 27.
1244 445 1309 509 405

165 635 253 699 dolor·
273 635 460 699 daemonum
485 654 540 717 per
564 653 633 699 euru
654 635 854 717 loquebatur,
880 635 933 717 qui
958 655 1031 698 suas
1051 635 1174 701 futuras
1194 656 1311 720 poenas

166 743 242 824 aput
270 745 452 805 sanctorum
477 745 651 824 martyrum
676 742 844 806 memorias
871 742 1024 806 inminere
1053 745 1244 807 maerebant.
1275 744 1290 808 I

164 848 275 912 multis
311 848 393 911 euim
426 847 545 912 talibus
583 848 662 912 locis
701 852 890 932 torquentur
922 853 954 913 et
987 849 1176 914 confitentur
1208 853 1240 916 et
1273 851 1310 915 de

164 955 324 1037 possessis
348 954 511 1019 hominum
537 955 721 1037 corporibus
746 956 913 1020 eiciuntur.

137 1175 148 1212 a
593 1147 730 1214 CAPUT
754 1149 885 1213 XXVII.

206 1271 260 1336 De
284 1273 397 1336 modo
422 1271 600 1346 honoris,
626 1292 737 1354 quern
764 1273 995 1338 Christiani
1019 1273 1270 1356 martyribus

620 1379 855 1462 inpendunt.

209 1501 276 1566 Nec
319 1505 422 1566 tamen
467 1524 523 1568 nos
566 1503 685 1568 eisdem
728 1504 918 1586 martyribus
964 1504 1093 1586 templa,
1126 1503 1312 1580 sacerdotia,

165 1629 255 1673 sacra
280 1613 312 1673 et
335 1609 489 1674 sacrificia
513 1611 749 1687 constituimus,
785 1609 932 1692 quoniam
957 1630 1017 1674 non
1040 1610 1112 1693 ipsi,
1146 1610 1201 1674 sed
1225 1610 1313 1674 Deus

124 1735 275 1786 aeorum
309 1717 400 1781 nobis
435 1721 485 1781 est
516 1717 613 1783 Deus.
657 1717 859 1782 Honoramus
894 1736 969 1780 sane
1001 1718 1171 1782 memorias
1204 1736 1312 1781 eorum

161 1827 328 1905 tamquam
352 1829 533 1888 sanctorum
556 1825 720 1889 hominum
744 1824 814 1901 Dei,
840 1823 893 1906 qui
913 1843 1014 1907 usque
1035 1824 1073 1888 ad
1093 1829 1227 1888 mortem
1247 1842 1313 1887 cor·

162 1949 276 2011 porum
311 1950 440 1996 suorum
475 1950 530 2013 pro
564 1931 697 1995 ueritate
731 1934 900 2008 certarunt,
933 1935 969 1995 ut
1001 1932 1211 1996 innotesceret
1239 1949 1314 1994 uera

162 2036 277 2120 religio
302 2036 392 2100 falsis
416 2035 563 2118 fictisque
589 2037 760 2110 conuictis;
787 2036 871 2117 qnod
896 2037 991 2100 ctiam
1011 2036 1112 2118 siqui
1133 2041 1223 2100 antea
1243 2055 1312 2099 sen·
1368 2039 1382 2062 '

163 2143 298 2219 tiebant,
322 2143 462 2207 timendo
486 2143 708 2226 reprimebant.
752 2142 830 2222 Quis
861 2148 967 2207 autem
996 2143 1121 2208 audiuit
1144 2143 1312 2224 aliquando

120 2279 144 2319 1⁵
163 2249 308 2314 fidelium
333 2253 469 2314 stantem
494 2249 688 2314 sacerdotem
715 2249 753 2313 ad
777 2251 886 2326 attare,
920 2251 1015 2315 etiam
1046 2270 1141 2333 super
1168 2253 1312 2316 sanctum

162 2375 281 2437 corpus
301 2355 447 2438 martyris
463 2356 500 2420 ad
516 2357 574 2422 Dei
590 2357 739 2420 honorem
756 2357 941 2438 cultumque
962 2360 1190 2434 constructum,
1212 2357 1313 2422 dicere

161 2465 196 2527 in
211 2463 375 2545 precibus:
394 2462 497 2528 Offero
513 2464 572 2527 tibi
588 2463 778 2528 sacrificium
793 2463 885 2526 Petre
901 2465 954 2527 uel
968 2465 1067 2528 Paule
1082 2465 1134 2528 uel
1151 2465 1312 2548 Cypriane,

162 2589 237 2634 cum
264 2575 340 2653 aput
365 2589 473 2634 eorum
497 2571 665 2634 memorias
690 2570 838 2634 offeratur
857 2571 935 2646 Deo,
961 2571 1015 2652 qui
1040 2589 1093 2634 eos
1119 2574 1151 2633 et
1168 2571 1312 2634 homines

162 2680 199 2741 et
217 2680 370 2760 martyres
390 2678 467 2741 fecIt
487 2682 518 2742 et
533 2678 651 2742 sanctis
668 2678 734 2742 suis
751 2677 872 2761 angelis
889 2678 1018 2756 caelesti
1033 2678 1150 2741 honore
1167 2677 1312 2754 sociauit,

119 2816 143 2854 20
163 2785 204 2847 ut
237 2802 273 2848 ea
306 2783 488 2847 celebritate
521 2785 553 2847 et
583 2783 650 2848 Deo
683 2802 758 2848 uero
793 2783 830 2846 de
862 2783 990 2848 illorum
1023 2783 1166 2846 uictoriis
1196 2782 1313 2864 gratias

163 2909 300 2973 agamus
325 2893 357 2954 ct
380 2908 436 2954 nos
460 2891 500 2954 ad
528 2890 739 2954 imitationem
768 2889 880 2953 talium
910 2908 1094 2954 coronarum
1124 2889 1225 2970 adque
1249 2889 1314 2971 pal·

162 3015 291 3059 marum
315 2995 424 3060 eodem
449 2995 596 3060 inuocato
615 2995 647 3059 in
667 2996 818 3059 auxilium
838 3015 873 3058 er
891 2995 1019 3060 illorum
1039 2997 1208 3059 memoriae
1228 3013 1315 3058 reno-

163 3104 295 3167 uatione
329 3102 552 3166 adhortemur?
582 3101 807 3186 Quaecumque
837 3103 936 3186 igitur
969 3103 1157 3166 adhibentur
1189 3101 1314 3184 religio-

164 3229 275 3275 sorum
309 3209 462 3291 obsequia
494 3209 525 3272 in
559 3213 730 3292 martyrum
765 3210 854 3288 locis,
888 3213 1070 3273 ornamenta
1099 3212 1174 3273 sunt
1196 3225 1315 3271 memo-

116 3339 144 3380 ra
163 3318 296 3393 riarum,
321 3335 381 3380 non
406 3335 495 3380 sacra
517 3317 569 3380 uel
594 3316 748 3380 sacrificia
770 3320 967 3380 mortuorum
991 3319 1153 3399 tamquam
1174 3315 1314 3381 deorum.

165 3422 370 3504 Quicumque
404 3422 499 3486 etiam
533 3423 643 3504 epulas
679 3441 751 3486 suas
786 3441 820 3487 eu
856 3422 998 3485 deferunt
1021 3420 1121 3506 (quod
1146 3421 1316 3504 quideme

165 3530 358 3596 Christianis
383 3529 568 3594 melioribus
594 3549 652 3593 non
678 3528 722 3606 fit,
757 3531 788 3592 et
810 3529 841 3591 in
866 3527 1026 3610 plerisque
1050 3533 1203 3592 terrarum
1230 3527 1316 3591 nulla

163 3638 242 3702 talis
268 3645 319 3700 est
342 3636 551 3720 consuetudo)
585 3673 628 3682 -
660 3639 765 3699 tamen
790 3636 982 3716 quicumque
1011 3635 1040 3699 id
1072 3635 1202 3714 faciunt,
1237 3653 1315 3716 quas

202 3849 219 3900 5
241 3863 263 3898 c.
283 3843 385 3896 XXVII
403 3844 434 3897 ab
452 3845 543 3898 iadn'ce
563 3845 748 3912 capitulorum
768 3843 862 3912 oodp
881 3844 928 3897 lib.
949 3843 1036 3908 VIIII,
1057 3861 1077 3900 c.
1097 3843 1111 3898 I
1193 3843 1222 3896 ll
1244 3846 1314 3896 tam-

163 3950 250 4004 quam
267 3974 405 3989 .......
422 3949 528 3985 suorum
549 3949 600 3986 om.
625 3931 656 3984 0¹
749 3933 780 3986 13
800 3932 908 4000 sactisq;
929 3932 949 3983 1¹
1038 3934 1070 3985 15
1090 3934 1212 3986 sanctum
1233 3947 1282 3984 om.
1303 3947 1316 3983 s

164 4025 200 4078 17
221 4021 294 4092 petri
313 4021 357 4074 uel
376 4021 450 4090 pauli
470 4022 513 4074 nel
533 4021 685 4091 cyprianis
740 4023 772 4074 19
794 4025 932 4100 martyres,
953 4037 967 4072 e
987 4037 1019 4074 ecc
1038 4037 1053 4074 a
1073 4036 1150 4082 corr..
1173 4019 1196 4072 0
1261 4019 1316 4072 suis

914 4101 934 4124 tn

162 4157 219 4194 orn.
240 4140 265 4192 0¹
339 4135 540 4191 decretoriae
612 4139 646 4190 22
666 4141 762 4190 uocato
785 4135 818 4190 0¹
909 4135 989 4202 adt}
1071 4133 1320 4188 renouaticnemO

163 4257 201 4310 23
222 4253 410 4308 adortamurt
480 4254 514 4306 25
535 4219 668 4306 tandumt¹
730 4254 903 4308 26aom.e
966 4253 1000 4306 28
1020 4255 1164 4306 estoma
1250 4267 1315 4319 quas

163 4345 242 4413 cunr]
263 4357 445 4412 quascumque
466 4341 521 4394 ub²
