3094 4932
238 419 279 482 48
579 414 605 472 S.
633 413 789 469 Aurelii
817 415 1034 486 Augustini

238 613 288 676 tot
318 630 428 676 rursus
459 611 545 676 uitae
577 611 673 677 huius
705 612 856 695 periculis
885 611 1008 692 inserit,
1037 632 1110 678 cum
1143 615 1185 679 sit
1216 613 1391 679 facillimae

239 718 407 800 potestatis
438 718 538 782 inlata
570 718 631 783 sibi
663 737 739 784 neco
771 719 876 784 omnia
908 718 1048 784 deuitare
1081 721 1298 803 scriptumque
1327 721 1388 784 sit:

241 822 317 902 Qui
350 826 454 888 amat
485 825 724 908 periculum,
756 825 915 890 incidet
945 826 982 891 in
1016 825 1143 891 illud?
1190 825 1280 906 Qunr
1311 847 1389 910 ergo

242 933 386 995 amantur
409 933 458 995 tot
481 934 515 995 et
536 934 625 996 tanta
647 933 788 1016 pericula
811 934 864 998 uel
888 935 982 1012 certe,
1003 933 1126 998 etiamsi
1152 953 1212 999 non
1232 937 1390 1011 amantur,

243 1037 470 1120 suscipiuntur,
499 1055 572 1104 cum
600 1041 705 1104 manet
731 1040 763 1103 in
790 1039 850 1104 bac
877 1039 955 1116 uita,
985 1041 1036 1105 cui
1064 1040 1231 1105 abscedere
1262 1039 1392 1105 licitum
1426 1059 1445 1100 s

244 1147 315 1207 est?
354 1144 401 1207 An
429 1163 505 1209 uero
534 1147 599 1209 tam
626 1145 749 1210 insulsa
775 1146 968 1227 peruersitas
997 1165 1049 1211 cor
1077 1147 1192 1211 eaerum
1218 1151 1251 1211 st
1278 1165 1393 1212 acon-

245 1249 432 1315 sidaratione
455 1251 602 1316 ueritatis
622 1251 748 1327 auertit,
768 1256 815 1332 ut,
835 1253 862 1317 si
882 1273 916 1318 sc
936 1253 1069 1337 quisque
1087 1254 1266 1318 interimere
1286 1253 1392 1328 debet,

244 1376 283 1420 na
305 1357 401 1421 unius
425 1357 615 1440 captiuantis
640 1356 802 1422 dominatu
822 1363 953 1423 corruat
969 1360 1001 1424 in
1021 1364 1197 1441 peccatum,
1217 1358 1393 1424 uiuendum

246 1462 308 1529 sibi
336 1463 504 1542 existimet,
532 1466 570 1528 ut
596 1463 702 1545 ipsum
729 1465 867 1547 perferat
894 1465 1047 1530 mundum
1074 1485 1129 1548 per
1158 1483 1265 1530 omnes
1297 1466 1392 1530 horas

246 1570 474 1635 tentationibus
515 1570 654 1652 plenum,
693 1574 725 1635 et
760 1572 889 1651 talibus,
927 1571 1031 1654 qualis
1068 1572 1127 1637 sub
1166 1591 1227 1637 nno
1266 1571 1392 1636 domino
1414 1596 1444 1636 ιο

247 1675 444 1755 formidatur,
469 1680 502 1739 et
529 1675 811 1743 innumerabilibus
841 1679 965 1758 ceteris,
990 1679 1056 1744 sine
1085 1679 1201 1761 quibus
1225 1678 1302 1744 haec
1326 1677 1396 1742 uita

248 1783 478 1848 conducitur?
503 1780 586 1861 Quid
609 1783 707 1868 igitur
731 1803 845 1850 causae
870 1787 928 1860 est,
948 1805 1030 1868 quur
1052 1786 1083 1849 in
1109 1785 1154 1850 eis
1174 1783 1396 1850 exhortationi-

250 1891 309 1954 bus
328 1895 470 1972 tempom
489 1908 723 1958 consumamus.
739 1891 855 1972 quibus
874 1892 1051 1974 baptizatos
1071 1891 1268 1975 adloquendo
1289 1890 1395 1955 studo-

250 2015 322 2060 mus
350 1995 518 2061 accendere
545 1996 613 2061 siue
641 1998 680 2061 ad
707 1997 895 2081 uirginalem
923 1999 1137 2083 integritatem
1168 1999 1236 2063 siue
1261 1997 1300 2060 ad
1324 2016 1396 2062 con-

250 2103 415 2167 tinentiam
442 2102 604 2166 uidualem
629 2103 698 2169 siue
722 2104 762 2169 ad
784 2104 886 2187 ipsam
910 2105 971 2169 tori
995 2105 1169 2190 coniugalis
1193 2105 1298 2183 fidem,
1324 2122 1397 2168 cum
1417 2128 1443 2168 ιε

252 2207 425 2273 habeamus
458 2209 589 2274 meliora
617 2213 649 2275 et
676 2211 714 2274 ab
745 2211 891 2277 omnibus
919 2211 1070 2295 peccandi
1097 2212 1247 2294 periculis
1276 2212 1399 2275 remota

254 2316 435 2398 conpendia,
460 2320 505 2393 ut,
533 2318 785 2400 quibuscumque
808 2322 883 2400 post
904 2319 1124 2384 remissionem
1148 2317 1399 2382 recentissimam

253 2427 455 2506 peccatorum
470 2423 682 2505 abripiendum
697 2428 831 2490 mortam
851 2425 975 2508 sibique
993 2425 1198 2510 ingerendam
1211 2423 1401 2506 persuadere

254 2530 461 2612 potuerimus,
487 2549 540 2594 eos
564 2531 603 2594 ad
625 2531 797 2595 Dominum
822 2533 960 2598 saniores
984 2533 1189 2614 purioresque
1213 2531 1400 2594 mittamus?

257 2635 353 2700 Porro
387 2637 424 2714 si,
457 2636 602 2718 quisquis
634 2636 695 2701 hoc
727 2637 973 2721 adgrediendum
1007 2641 1040 2702 et
1071 2637 1266 2702 suadendum
1299 2637 1401 2719 putat,
1423 2659 1452 2700 so

258 2761 319 2806 non
344 2741 414 2807 dico
439 2741 564 2824 desipit,
590 2743 645 2808 sed
668 2743 797 2808 insanit:
822 2763 882 2826 qua
907 2744 1034 2808 tandem
1052 2744 1153 2808 fronte
1171 2743 1292 2808 homini
1311 2742 1400 2807 dicit:

258 2851 411 2915 ‘interfice
443 2854 485 2925 te,
518 2869 556 2915 ne
589 2851 695 2933 paruis
727 2851 792 2915 tuis
825 2852 964 2934 peccatis
998 2851 1116 2916 adicias
1153 2851 1294 2935 grauius,
1328 2849 1401 2912 dum

260 2957 345 3021 uiuis
374 2955 433 3022 sub
463 2957 589 3022 domino
618 2957 757 3021 barbaris
781 2958 922 3022 moribus
946 2957 1114 3041 inpudico,
1139 2956 1194 3039 qui
1216 2975 1277 3021 non
1299 2954 1405 3039 potest

261 3064 322 3128 nisi
349 3063 594 3128 sceleratissime
623 3064 741 3128 dicere:
769 3063 924 3128 ‘interfice
952 3066 983 3128 te
1006 3063 1146 3146 peccatis
1170 3063 1234 3126 tuis
1260 3061 1403 3126 omnibus

263 3170 429 3249 absolutis,
458 3189 496 3233 nc
524 3189 633 3234 rursus
660 3170 737 3234 talia
768 3171 822 3235 uel
855 3171 950 3235 etiam
982 3170 1090 3252 peiora
1113 3169 1306 3246 committas,
1331 3167 1405 3231 dum
1425 3191 1455 3231 aa

355 3415 370 3467 3
390 3413 472 3467 Ecoli.
492 3414 517 3477 3,
537 3413 570 3466 27

304 3557 316 3610 l
347 3556 450 3622 inserit,
470 3573 504 3611 m.
523 3560 542 3610 2
560 3555 743 3624 superscripto
762 3572 833 3622 sc,e
929 3553 944 3607 3
970 3552 1073 3607 incidet
1086 3552 1217 3620 debp
1229 3549 1296 3616 aaz·
1312 3549 1409 3604 incidit

270 3672 418 3742 quc¹fo
507 3671 703 3726 damaturt'¹
793 3636 884 3732 boaria
902 3669 1026 3737 C;cure
1121 3663 1409 3732 'ldebet‚em.1‚L‚·

269 3763 367 3816 debeat
385 3766 459 3817 deu
548 3761 564 3814 8
584 3761 755 3830 captiuantis‚
775 3776 838 3827 uan,
857 3777 890 3812 m.
911 3761 930 3812 2
948 3759 979 3811 in
997 3773 1062 3812 ras..
1084 3756 1108 3809 0
1187 3759 1215 3810 et
1232 3753 1378 3808 uiuendum
1397 3769 1410 3806 e

269 3849 456 3905 ulbandLA
510 3851 684 3904 cerasta
749 3851 782 3904 10
800 3849 910 3908 talibus,
930 3848 966 3900 bu
984 3850 1129 3914 m.lsup.
1149 3843 1252 3908 lin.,L
1325 3842 1411 3912 qualis

272 3933 1272 4037 ...lomridaturLAOabdpqakf;quales...lornpidantureo
1362 3929 1411 3984 sub

271 4073 323 4109 uno
344 4055 464 4125 domino]
484 4056 533 4108 sub
553 4073 606 4109 uno
626 4061 715 4126 ypop
785 4053 817 4107 12
837 4056 949 4106 exortat.
969 4052 1009 4118 L;
1027 4051 1126 4103 exorat.
1146 4053 1169 4102 A
1239 4049 1271 4102 13
1291 4063 1414 4102 consum·

271 4162 375 4198 mamus
398 4144 445 4199 0·
490 4145 654 4214 uaptiziatos
674 4143 700 4196 L
791 4143 824 4195 14
843 4139 1044 4195 contenentiam
1065 4138 1098 4192 0¹
1183 4138 1216 4191 19
1236 4137 1416 4207 poterimuse

275 4233 354 4287 deum
374 4253 391 4285 α
475 4235 645 4304 puriorisque
667 4233 699 4286 0¹
772 4232 806 4285 20
827 4230 887 4299 quis
906 4227 944 4282 L¹
1028 4227 1081 4281 huo
1102 4226 1134 4280 0ι
1207 4227 1239 4280 21
1260 4225 1417 4293 frontel,m

275 4325 408 4394 erasmo
477 4326 511 4378 22
529 4322 675 4377 interficite
696 4321 729 4374 0¹
801 4321 836 4374 23
854 4319 926 4372 uibis
946 4317 1005 4370 LA
1077 4317 1112 4369 24
1131 4313 1327 4368 interficeres
