3108 4926
298 427 363 491 356
648 425 674 479 S.
703 422 857 479 Aurelii
881 423 1099 493 Augustini

297 637 358 683 non
390 619 497 683 tamen
531 617 568 682 ab
597 617 676 699 ipsis
706 635 810 682 aerem
837 617 969 695 factum,
998 616 1055 681 sed
1081 617 1169 698 ipsos
1198 636 1235 682 er
1262 636 1331 682 aere
1358 619 1441 682 ortos

299 724 443 790 credidit.
466 725 667 808 Anaxagoras
690 743 766 790 uero
790 723 859 788 sins
883 723 1009 789 auditor
1031 725 1143 788 harum
1165 743 1272 790 rerum
1296 724 1442 800 omnium,

301 851 379 916 quas
408 831 566 907 uidemus,
591 831 771 896 effsctorem
796 830 941 896 diuinum
965 831 1106 896 animum
1130 830 1232 896 sensit
1255 834 1287 895 et
1310 831 1442 895 diriter

297 938 421 1004 infinita
443 937 585 1016 materia,
610 955 691 1020 quae
715 939 875 1004 constaret
893 937 1103 1002 dissimilibus
1128 937 1211 1001 iuter
1229 955 1264 1002 se
1281 936 1441 1019 particulis

298 1065 404 1112 rerum
437 1045 589 1123 omnium,
616 1043 772 1109 similibus
799 1045 976 1127 quibusque
1003 1045 1072 1110 suis
1099 1046 1132 1108 st
1158 1043 1294 1127 propriis
1322 1043 1442 1128 singula
1469 1061 1480 1101 1

301 1151 379 1230 fieri,
404 1151 460 1218 sed
485 1152 588 1216 animo
613 1151 748 1216 iaciente
773 1151 891 1217 diuino.
915 1151 1075 1233 Diogenes
1099 1169 1226 1234 quoquo
1248 1149 1444 1214 Anaximenis

300 1259 380 1324 alter
412 1258 546 1335 auditor,
575 1276 678 1323 aerem
711 1257 839 1341 quidem
868 1257 947 1322 dixit
973 1275 1078 1322 rerum
1108 1275 1178 1322 esse
1205 1257 1380 1334 materiam,
1407 1255 1443 1318 de

299 1385 363 1449 qus
390 1365 496 1430 omnia
523 1365 648 1441 ficrent;
678 1364 735 1430 sed
763 1383 835 1428 sum
858 1382 930 1430 esse
954 1366 1132 1446 compotem
1157 1363 1284 1428 diuinae
1306 1363 1442 1436 rationis,

300 1472 368 1536 sine
392 1490 455 1554 qua
477 1471 558 1535 nibil
581 1489 617 1535 er
637 1488 673 1534 eo
697 1468 765 1534 fieri
782 1472 903 1552 posset.
927 1469 1130 1552 Anaxagorae
1150 1469 1308 1534 successit
1325 1467 1444 1534 auditor

300 1577 368 1642 eius
395 1577 581 1642 Archelaus.
618 1576 724 1642 Etiam
750 1577 818 1659 ipse
847 1575 884 1639 de
911 1575 1077 1657 particulis
1105 1575 1188 1640 intsr
1214 1594 1249 1640 so
1277 1575 1441 1654 similibus,
1458 1595 1480 1634 ro

279 1683 416 1766 'quibus
446 1683 573 1767 singula
600 1701 742 1765 quaeque
770 1681 892 1759 fierent,
920 1682 966 1746 ita
996 1681 1124 1765 putauit
1157 1685 1300 1748 constare
1332 1681 1442 1758 omnia,

299 1793 338 1856 ut
364 1790 469 1854 inesse
494 1790 589 1854 etiam
612 1792 751 1854 mentem
776 1788 903 1866 diceret,
928 1807 1008 1871 quae
1032 1807 1163 1871 corpora
1186 1791 1321 1866 aeterna,
1343 1787 1376 1852 id
1398 1791 1444 1852 est

300 1897 373 1962 illas
387 1896 572 1980 particulas,
590 1894 807 1978 coniungendo
823 1898 855 1960 et
874 1894 1056 1978 dissipando
1076 1897 1184 1979 ageret
1202 1895 1317 1962 omnia.
1341 1893 1442 1960 Socra·

302 2007 351 2068 tes
366 2003 462 2070 huius
478 2002 656 2084 discipulus
670 2002 771 2066 fuisse
785 2001 979 2085 perhibetur,
995 2001 1147 2084 mugitor
1155 2002 1311 2078 Platonis,
1325 2006 1444 2084 propter
1532 2067 1533 2070 ,

234 2185 237 2192 ,
301 2130 396 2192 quem
420 2109 559 2175 breuiter
582 2112 696 2174 cuncta
718 2109 782 2172 ista
803 2108 934 2174 recolui.
1456 2125 1478 2166 n

767 2299 903 2366 CAPUT
927 2301 984 2365 ΠΙ.

598 2443 652 2508 De
677 2443 891 2508 Socration
914 2443 1149 2526 disciplina.

348 2585 495 2652 Socrates
523 2605 597 2671 ergo
625 2585 746 2668 primus
770 2585 951 2651 uniuersam
974 2585 1207 2670 philosophiam
1232 2585 1272 2651 ad
1296 2586 1443 2672 comigen-

303 2692 360 2757 dos
400 2690 695 2774 componendosque
734 2709 837 2756 mores
873 2689 998 2756 flexisse
1035 2695 1239 2770 memoratur,
1273 2711 1345 2756 cum
1377 2693 1443 2756 ante

302 2799 395 2864 illum
429 2817 538 2864 omnes
570 2797 674 2882 magis
702 2797 854 2881 physicis,
885 2797 916 2861 id
944 2801 994 2862 est
1022 2798 1230 2878 naturalibus,
1259 2799 1353 2864 rebus
1380 2811 1478 2882 per-u
1532 2871 1533 2874 Ἴ

304 2906 482 2972 scrutandis
516 2923 642 2987 operam
675 2904 843 2969 maximam
876 2904 1090 2987 inpenderent.
1128 2904 1198 2969 Non
1232 2905 1317 2970 mihi'
1343 2908 1441 2969 autem

303 3011 430 3081 uidetur
465 3031 560 3094 posse
599 3011 638 3076 ad
664 3010 823 3094 liquidum
857 3009 976 3094 colligi,
1004 3013 1113 3075 utrum
1141 3011 1298 3088 Socrates,
1327 3015 1363 3076 ut
1388 3012 1442 3075 hoc
1532 3015 1533 3096 p

303 3119 430 3194 faceret,
459 3119 564 3183 taedio
597 3137 701 3183 rerum
736 3118 938 3182 obscurarum
974 3120 1006 3181 et
1035 3117 1226 3182 incertarum
1259 3118 1298 3182 ad
1330 3115 1443 3200 aliquid

343 3372 354 3425 1
377 3371 461 3440 ortos]
480 3369 599 3424 1111111
652 3373 669 3424 4
689 3370 867 3424 dissimilibus
886 3387 908 3426 e.
929 3387 954 3439 q.
974 3387 995 3423 s.
1014 3371 1120 3438 scripsi,
1138 3375 1170 3423 ut
1187 3386 1230 3425 res
1242 3370 1307 3440 ipso
1315 3372 1445 3440 postulat,
1532 3367 1533 3396 ³

305 3477 366 3514 cum
392 3460 509 3529 infinita
535 3461 655 3514 11111111
682 3466 750 3514 certe
778 3477 808 3514 en
834 3460 1014 3514 dissimilibus
1039 3463 1112 3513 inter
1138 3476 1166 3513 se
1187 3461 1342 3528 particulis
1362 3477 1445 3516 111111
1532 3527 1533 3530 ¹

305 3549 427 3602 ommium
450 3553 560 3608 constet,
579 3548 707 3617 11191111
729 3564 794 3602 uero
817 3565 859 3602 res
880 3547 1017 3602 similibus
1039 3549 1190 3617 quibusque
1212 3549 1271 3602 suis
1290 3555 1315 3602 et
1329 3551 1447 3618 propriis
1532 3551 1533 3560 ’

301 3637 386 3708 aaut.
407 3635 584 3690 dissinnatus
603 3637 705 3690 11111
723 3637 798 3690 eatis.
817 3642 883 3690 aete.
898 3637 1006 3705 (Vmor.
1021 3637 1311 3702 14711111111490,
1326 3637 1445 3692 11111.
1532 3615 1533 3654 ¹

307 3729 392 3789 1520,
412 3725 502 3779 Basil.
521 3725 633 3779 Erotem.
653 3729 752 3788 1529),
771 3725 904 3778 similibus
923 3725 1000 3779 codd.
1019 3742 1035 3779 1
1054 3724 1153 3779 Domb.
1245 3727 1261 3779 5
1279 3729 1446 3782 1111111111
1532 3743 1533 3766 l

305 3814 434 3883 supplesti
456 3815 602 3882 respiciens
624 3814 710 3868 111111
731 3814 812 3882 infra
834 3815 975 3883 sequentia
1000 3815 1017 3867 l.
1036 3818 1073 3866 10
1090 3831 1129 3882 sq.
1224 3815 1376 3884 quibusque
1396 3817 1445 3869 suis

307 3906 371 3954 teste
392 3901 524 3955 Ddbnero
542 3900 600 3955 cod.
624 3899 850 3969 Opfiraansaia
876 3917 999 3970 quaeque
1018 3901 1074 3954 suis
1091 3918 1148 3970 ps;
1167 3901 1265 3972 quibus
1283 3903 1340 3956 suis
1359 3903 1416 3958 rell.
1433 3919 1446 3956 1
1532 3895 1533 3898 '

307 4023 405 4078 Domb.
497 4041 597 4095 genera
615 4042 662 4095 pro
681 4024 798 4079 modulis
818 4029 845 4078 ot
863 4024 1004 4096 speciebus
1023 4026 1138 4096 propriis
1156 4043 1172 4080 1
1252 4027 1267 4080 7
1287 4003 1402 4092 auditor,
1420 4027 1446 4080 11

307 4165 392 4216 marp.
413 4109 522 4202 1111111
541 4154 566 4202 et
582 4149 623 4203 sic
642 4149 658 4202 l.
682 4151 707 4211 9,
727 4165 741 4204 e
812 4150 829 4203 8
848 4166 908 4204 eum
928 4166 1008 4204 ome
1075 4152 1091 4204 9
1115 4151 1251 4223 polsfsset,
1270 4152 1410 4216 inieras..
1429 4151 1449 4204 C

308 4236 340 4289 ll
362 4236 453 4289 omnia
471 4239 593 4290 constare
612 4241 670 4308 put.
688 4253 704 4291 1
776 4239 809 4292 21
829 4238 1004 4308 impenderint
1024 4237 1112 4292 C²ci¹
1186 4239 1220 4293 23
1239 4239 1446 4302 obscuraturum,

308 4341 338 4378 ar
357 4339 390 4377 ea
408 4341 439 4376 ur
458 4340 536 4388 cora,
557 4325 567 4378 l
647 4325 682 4379 ad
700 4325 833 4395 liquidum
853 4332 976 4397 apertum
996 4331 1144 4381 etcertum
1164 4327 1198 4382 ad
1216 4328 1447 4398 repperiendums
