3108 4926
310 447 361 500 Da
390 447 565 501 ciuitate
594 447 749 502 deilib
772 447 1072 520 VH.cap.2l.2b
1197 453 1259 516 331

116 639 214 719 lenda,
249 645 285 705 nt
317 645 460 706 matrona
496 643 597 708 lacera
635 647 802 726 cogeretur
837 644 869 708 in
908 643 1048 726 publico,
1082 645 1167 726 quod
1203 663 1260 709 nec

117 747 271 826 meretrix,
295 749 324 813 si
349 752 511 814 matronae
541 751 731 834 spectarent,
754 750 896 832 permitti
926 749 1036 816 debuit
1063 751 1095 814 in
1125 751 1259 816 theatro.

116 854 246 938 Propter
273 855 351 920 haec
376 855 532 936 Saturnus
561 857 649 922 solus
678 856 817 921 creditus
841 875 901 921 non
926 861 976 921 est
999 856 1143 922 sulficere
1166 876 1260 941 possa

117 961 302 1040 seminibus,
331 966 368 1027 ut
395 963 576 1030 occasiones
605 963 916 1046 multiplicandorum
950 963 1078 1028 deorum
1111 964 1262 1028 inmunda

88 1067 215 1132 sasima
238 1070 400 1150 reperiret,
421 1074 452 1134 et
475 1070 514 1134 ab
537 1089 599 1136 uno
623 1089 699 1135 uero
719 1070 786 1134 Deo
805 1072 918 1134 merito
938 1069 1146 1134 inmunditiae
1166 1069 1261 1134 desti·

116 1179 182 1239 tnta
205 1194 241 1239 ao
266 1195 322 1259 per
343 1178 464 1242 multos
482 1177 580 1243 falsos
600 1176 753 1242 auiditate
773 1177 901 1241 maioris
920 1175 1128 1241 inmunditiae
1146 1177 1261 1259 prosti-

116 1286 182 1346 tuta
208 1282 274 1346 ista
301 1283 468 1368 sacrilegia
496 1303 585 1348 sacra
611 1283 786 1348 nominaret
813 1301 947 1366 seseque
976 1301 1161 1364 spurcorum
1189 1283 1260 1348 dae·

116 1407 241 1454 rnonum
265 1388 368 1454 turbis
393 1389 634 1454 conuiolandam
657 1389 924 1473 polluendamque
948 1389 1120 1472 praeberet.

556 1582 693 1648 CAPUT
717 1583 817 1648 XXII.

81 1745 102 1782 m
299 1725 352 1790 De
375 1723 562 1809 Neptuno
587 1729 626 1788 et
650 1725 811 1790 Salacia
835 1744 877 1790 ac
901 1725 1074 1790 Venilia.

157 1867 223 1931 lam
252 1867 364 1949 utique
392 1866 529 1930 babebat
553 1865 708 1930 Salaciam
732 1864 901 1950 Neptunus
930 1885 1068 1944 uxorem,
1093 1886 1187 1949 quarn
1215 1867 1260 1932 ln-

118 1973 257 2038 fariorem
283 1993 396 2056 aquam
418 1973 514 2036 maris
539 1991 610 2036 esse
634 1973 792 2037 dixerunt:
818 1975 854 2036 ut
878 1972 953 2055 quid
977 1973 1024 2037 illi
1045 1973 1192 2038 adiuncta
1211 1979 1261 2038 est

120 2083 148 2143 et
168 2079 304 2154 Venilia,
334 2079 396 2144 nisi
424 2084 461 2144 ut
489 2079 556 2144 sine
590 2079 657 2143 ulla
689 2097 784 2142 eausa
816 2079 1065 2144 necessariorum
1100 2099 1258 2144 sacrorum

119 2186 181 2250 sola
205 2187 340 2251 libidine
369 2187 490 2251 animae
513 2187 704 2270 prostitutae
729 2185 997 2267 multiplicaretur
1020 2185 1165 2250 incitatio
1190 2187 1260 2251 dae-

82 2313 104 2352 o
119 2295 313 2358 mentorum?
342 2293 404 2359 Sed
427 2293 605 2378 proferatur
627 2293 844 2376 interpretatio
868 2293 1044 2376 praeclarae
1069 2294 1260 2377 theologiae,

18 2465 20 2470 ,
119 2418 191 2480 quae
228 2421 287 2466 nos
325 2401 363 2464 ab
400 2401 463 2465 ista
493 2399 735 2484 reprehensione
767 2399 889 2464 reddita
921 2399 1042 2464 ratione
1081 2403 1258 2483 compescat.

118 2507 255 2585 ‘Venilia
280 2507 394 2590 iuquit,
418 2505 503 2571 unda
531 2510 591 2582 est,
616 2525 696 2588 quae
725 2505 763 2570 ad
785 2505 864 2570 litos
888 2506 992 2582 nenit;
1023 2505 1155 2584 Salacia,
1180 2525 1259 2588 quaa

118 2613 147 2677 in
168 2615 271 2679 salum
294 2613 399 2679 redit?
421 2613 511 2694 Quor
534 2631 608 2697 ergo
633 2613 708 2676 deae
733 2611 813 2676 fiunt
832 2613 922 2691 duaa,
943 2632 1015 2678 cum
1035 2612 1078 2676 sit
1096 2633 1159 2677 una
1177 2613 1261 2677 unda

120 2741 192 2803 quae
219 2722 311 2787 uenit
339 2726 371 2785 et
398 2721 502 2786 redit?
543 2719 664 2803 Nempe
692 2719 762 2802 ipsa
795 2723 845 2784 est
877 2725 1063 2784 exaestuans
1095 2720 1126 2783 iu
1160 2721 1260 2784 multa

83 2827 242 2892 auumina
267 2828 368 2893 libido
400 2847 529 2892 uesano.
572 2827 726 2907 Quamuis
760 2828 842 2890 enirn
876 2847 957 2909 aqna
987 2845 1048 2890 non
1082 2826 1261 2910 geminetur

120 2951 193 3014 quae
215 2935 242 2999 it
266 2937 299 2999 et
320 2934 412 3011 redit,
431 2933 526 2998 buius
551 2936 656 2998 tamen
680 2935 844 2999 occasione
869 2933 1020 2998 uanitatis
1045 2933 1169 2996 duobus
1190 2931 1260 2995 dae-

120 3041 227 3106 moniis
249 3041 396 3107 innitatis
420 3042 557 3124 amplius
582 3041 833 3106 commaculatur
856 3041 968 3117 anima,
990 3059 1069 3124 quae
1093 3039 1120 3103 it
1144 3041 1175 3104 ct
1199 3057 1259 3102 non

119 3146 204 3212 redit.
227 3149 354 3229 Quaeso
378 3151 420 3224 te,
441 3148 550 3226 Varro,
574 3149 627 3212 uel
650 3167 719 3226 uos,
740 3149 793 3232 qui
817 3152 883 3212 tam
907 3146 1072 3212 doctorum
1096 3145 1258 3210 hominum

121 3253 190 3317 talia
212 3255 331 3338 scripta
354 3253 480 3338 legistis
505 3258 537 3320 et
560 3255 680 3336 aliquid
704 3273 854 3338 magnum
874 3273 933 3320 uos
953 3253 1103 3318 didicisse
1121 3251 1259 3329 iactatis,

82 3381 104 3422 11
120 3357 363 3444 interpretamini
391 3363 461 3438 hoc,
485 3361 558 3426 nolo
587 3361 691 3426 dicere
719 3360 893 3426 secundum
921 3361 1009 3424 illam
1034 3363 1192 3424 aeternam
1214 3359 1260 3422 in-

121 3467 433 3550 commutabilemque
466 3469 622 3545 naturam,
653 3467 705 3550 qni
739 3469 827 3531 solus
857 3471 906 3531 est
934 3467 1031 3546 Deus,
1061 3465 1117 3531 sed
1146 3465 1259 3530 saltam

122 3574 288 3638 secundum
314 3575 449 3639 animam
474 3573 583 3638 mundi
608 3577 640 3637 et
658 3577 763 3656 partes
783 3574 863 3650 eius,
884 3592 962 3656 quos
983 3572 1057 3637 deos
1078 3591 1147 3636 esse
1167 3589 1260 3634 ueros

122 3678 311 3747 existimatis.
336 3681 462 3746 Partem
486 3682 608 3746 animae
632 3681 752 3758 mundi,
778 3701 857 3763 quae
881 3701 966 3745 mare
989 3681 1139 3762 permeat.
1165 3677 1259 3741 deum

122 3785 206 3850 uobis
232 3788 349 3852 fecisse
375 3787 559 3870 Neptunum
593 3791 766 3869 utcumque
798 3787 1022 3851 tolerabilioris
1055 3785 1167 3850 erroris
1201 3786 1259 3846 est.

86 3892 204 3960 ultano
231 3896 315 3961 unda
343 3895 382 3959 ad
410 3897 488 3960 litus
518 3894 649 3958 ueniens
678 3897 710 3958 et
737 3893 767 3956 iu
797 3895 900 3958 salum
929 3894 1052 3958 rediens
1082 3892 1162 3956 duae
1186 3895 1260 3954 suunt

157 4143 1260 4215 mmefflmmmmmlmmdssmm

125 4233 1260 4307 mmmfflsslwmmawmwdmmw

125 4318 1261 4422 mcfflfflfflfflmmwfflmwwmmm
