3136 4928
276 443 340 506 486
619 440 645 492 S.
674 439 831 495 Aurelii
858 441 1077 510 Augustini

274 638 343 700 tum
373 653 443 699 esse
470 635 600 712 malum,
625 654 685 700 non
715 635 817 699 carnis
846 635 1057 700 substantiam
1081 635 1135 699 uel
1162 638 1317 716 nat‚uram
1342 658 1428 721 quae

275 762 348 807 cum
377 743 480 806 anima
507 741 644 806 hominis
673 744 705 806 et
728 742 849 824 suscipi
873 741 940 806 sine
962 745 1093 824 peccato
1118 742 1263 824 potuita
1266 743 1427 822 thebani,

277 851 309 913 t
332 851 433 912 morte
457 850 570 931 deponi
595 849 679 913 etin
705 849 819 913 melius
841 848 1070 913 resurrectione
1089 849 1219 926 mutari;
1243 871 1300 915 nec
1319 851 1426 934 ipsam

275 961 418 1027 mortem
444 957 591 1039 quamuis
615 958 701 1021 essct
723 975 823 1039 poena
845 955 977 1039 peceati,
1002 975 1096 1037 quam
1120 959 1225 1021 tamen
1249 978 1305 1040 pro
1331 960 1426 1024 uobis

276 1062 344 1127 sine
358 1067 468 1145 peccat
470 1083 487 1128 o
507 1063 575 1145 ipse
593 1063 758 1144 persoluit‚
773 1062 931 1144 peccando
952 1080 1021 1126 esse
1040 1063 1212 1139 uitandam,
1228 1065 1284 1128 sed
1302 1066 1466 1146 potiuso

276 1170 304 1234 si
326 1170 461 1234 facultas
486 1169 539 1232 dat
526 1173 587 1246 ι,ιιι
611 1189 665 1252 pro
689 1169 792 1233 instit
784 1188 813 1232 ra
837 1169 1062 1250 perforandam.
1090 1169 1165 1233 Ideo
1190 1171 1274 1234 euim
1298 1171 1425 1236 soluere

275 1282 331 1360 po
318 1277 381 1341 mt
412 1276 572 1341 moriendo
605 1280 745 1358 peccata
774 1275 848 1358 quia
881 1279 913 1339 et
945 1278 1088 1341 mortuus
1121 1279 1241 1354 estet
1228 1281 1333 1342 tnon
1368 1299 1424 1361 pro

275 1388 415 1467 peceato.
389 1384 547 1448 οΗιιιιο
573 1383 627 1446 ille
651 1383 724 1446 Plat
711 1383 836 1447 tonicus
864 1401 925 1446 non
951 1383 1102 1466 cognouit
1125 1403 1196 1448 esse
1218 1385 1424 1468 principium

276 1511 349 1556 uam
381 1493 586 1573 cognosceret
617 1490 845 1573 purgatorium.
882 1489 993 1571 Neque
1022 1489 1104 1553 enim
1133 1509 1204 1555 caro
1232 1492 1423 1574 principium

277 1602 327 1662 est
363 1600 418 1660 aut
454 1596 557 1661 anima
589 1596 736 1675 humana,
771 1596 826 1660 sed
854 1595 993 1660 Verbum
1027 1615 1083 1678 per
1115 1597 1200 1682 quod
1232 1599 1318 1662 facta
1351 1603 1426 1663 sunt
1444 1619 1467 1656 ιο

278 1705 393 1770 omnia.
417 1703 486 1768 Nou
513 1723 585 1788 ergo
611 1722 682 1767 caro
706 1723 762 1786 per
785 1723 818 1767 se
843 1703 945 1784 ipsam
968 1703 1109 1781 mundat,
1129 1704 1185 1768 sed
1208 1724 1265 1788 per
1283 1705 1422 1770 Verbum

278 1833 295 1876 a
328 1830 389 1894 quo
423 1813 572 1894 suscepta
605 1815 663 1887 est,
698 1830 769 1874 cum
799 1809 957 1874 Verbum
998 1829 1080 1875 caro
1118 1811 1258 1875 iactum
1298 1815 1357 1876 est
1389 1817 1425 1876 et

277 1919 468 1983 habitauit
492 1917 526 1980 in
551 1917 668 1981 nobis.
693 1916 774 1980 Nam
800 1916 837 1980 de
862 1935 953 1980 carne
978 1935 1034 1980 sua
1053 1916 1272 1981 manducanda
1291 1917 1424 2000 mystice

276 2027 421 2107 loquens,
441 2044 512 2088 cum
536 2023 568 2086 bi
592 2023 646 2106 qui
669 2042 729 2087 nou
752 2022 974 2088 intellexeruut
994 2021 1104 2087 offensi
1122 2023 1305 2088 recederent
1323 2024 1423 2088 dioen-

276 2128 340 2197 t'es:
375 2132 499 2196 Durus
533 2133 591 2194 est
621 2130 681 2194 hic
716 2149 845 2208 sermo,
879 2129 962 2211 quis
997 2149 1076 2193 eum
1111 2133 1241 2212 potest
1274 2131 1423 2196 audire?
1442 2154 1466 2193 rs

277 2239 442 2322 respondit
468 2238 667 2302 manentibus
697 2237 824 2301 ceteris:
859 2236 1026 2317 Spiritus
1056 2239 1114 2301 est
1142 2238 1204 2318 qui
1232 2237 1422 2315 uiuifioat

279 2366 362 2411 caro
387 2352 509 2411 autam
534 2365 603 2409 uon
628 2344 782 2428 prodest
806 2343 1017 2426 quidquam.
1041 2343 1237 2426 Principium
1261 2363 1337 2428 ergo
1357 2365 1423 2410 sus-

279 2457 369 2535 cepta
388 2454 490 2517 anima
510 2455 541 2516 et
559 2471 649 2516 carne
669 2453 701 2515 et
720 2451 856 2514 animam
876 2449 1070 2514 credentium
1090 2450 1222 2515 mundat
1240 2454 1273 2515 et
1291 2470 1423 2516 earnem.

278 2561 352 2624 idco
382 2559 604 2641 quaerentibus
628 2557 755 2622 Iudaeis
784 2557 855 2639 quis
884 2561 969 2620 esset
995 2556 1157 2638 respondit
1185 2576 1218 2620 se
1248 2576 1318 2621 asse
1344 2557 1422 2641 prin-

279 2667 407 2748 cipium.
447 2663 538 2744 Quod
574 2665 685 2746 utique
722 2666 872 2740 camales,
904 2663 1029 2739 infirmi,
1062 2663 1202 2745 peccatis
1236 2663 1360 2728 obnoxii
1391 2671 1464 2727 etro

277 2772 472 2858 ignorantiae
514 2770 649 2835 tenebris
690 2770 834 2834 obuoluti
877 2789 1074 2853 nequaquam
1115 2770 1276 2853 percipere
1318 2789 1422 2853 posse-

279 2899 361 2954 mne,
386 2879 447 2943 nisi
476 2879 513 2941 ab
543 2898 579 2942 eo
602 2877 826 2941 mundaremur
849 2877 949 2959 adque
974 2896 1156 2941 sanaremur
1179 2897 1235 2959 per
1257 2877 1317 2941 hoc
1342 2875 1422 2960 quod

279 3007 404 3051 cramus
429 2989 462 3050 et
485 3005 543 3049 non
569 3004 703 3048 eramus,
741 2985 874 3048 tiramus
899 2984 982 3047 euim
1005 2983 1160 3061 bominem
1185 2982 1241 3047 sed
1262 2983 1341 3047 iusti
1364 3001 1422 3046 nou

279 3113 418 3168 eramus;
442 3093 474 3156 iu
498 3091 585 3155 illius
611 3093 716 3154 antem
740 3090 955 3154 incarnatione
979 3093 1091 3153 natura
1114 3089 1250 3153 humana
1274 3093 1350 3162 erat,
1369 3085 1423 3151 sed

279 3201 373 3276 iusta,
392 3218 454 3263 non
473 3197 630 3280 peccatrix
654 3199 729 3260 erat.
753 3195 838 3260 Haeo
863 3199 912 3259 est
936 3195 1094 3272 mediatio,
1116 3214 1178 3277 qua
1196 3213 1309 3258 manus
1327 3194 1422 3277 lapsis
1440 3213 1466 3254 a

279 3307 519 3386 iubentibusque
556 3308 699 3387 porrecta
731 3306 794 3378 est;
834 3304 892 3366 hoc
926 3305 976 3366 est
1009 3321 1113 3366 semen
1147 3301 1339 3383 dispositum
1370 3319 1424 3382 per

280 3413 420 3496 angelos,
444 3412 474 3474 iu
505 3431 638 3493 quorum
663 3411 775 3474 edictis
799 3415 831 3474 et
853 3411 902 3474 lar
926 3408 1069 3486 dabatur,
1094 3428 1156 3491 qua
1180 3411 1212 3472 et
1235 3427 1316 3472 unua
1339 3408 1423 3471 Deus

280 3519 342 3584 coli
365 3519 534 3583 iubebatur
557 3520 589 3582 et
611 3518 663 3582 hic
686 3517 843 3581 Mediator
865 3520 1020 3581 uenturus
1043 3514 1298 3598 promittebatur.

372 3667 561 3723 1210.1.14
634 3665 725 3720 1510.
745 3667 770 3732 6,
790 3665 837 3728 603
859 3665 892 3718 63
967 3665 999 3717 19
1018 3664 1058 3717 Ιο.
1077 3665 1102 3728 8,
1123 3665 1157 3718 25
1214 3664 1247 3716 27
1269 3662 1369 3717 Gala
1391 3661 1425 3712 19

317 3787 329 3836 l
352 3748 549 3853 quaecumqu.b,·
569 3779 743 3850 quaecumjll,
764 3797 918 3849 erasoque,
934 3797 953 3832 a
1007 3781 1023 3833 2
1042 3781 1141 3849 potuit,
1156 3796 1190 3832 m.
1204 3782 1224 3832 2
1237 3779 1269 3831 ιἰι
1282 3793 1389 3831 ramera.
1405 3792 1424 3827 a

282 3869 683 3936 etom.b¹‚eresamestiaa
755 3868 898 3922 habereb²
953 3870 1047 3922 5sine
1066 3873 1278 3938 porcomortuo
1331 3867 1423 3932 ipsc·

282 3966 372 4015 catum
392 3979 409 4011 α
489 3963 516 4013 et
535 3965 600 4012 aute
619 3975 672 4010 non
691 3973 742 4011 ona.
765 3975 782 4010 α
854 3975 901 4026 pro
922 3974 970 4010 suo
990 3961 1138 4026 peccatoo
1208 3956 1238 4009 ll
1260 3955 1334 4024 ergo]
1353 3953 1422 4005 euim

277 4101 322 4154 ps
391 4087 477 4154 ipsam
500 4081 895 4152 aezpaipsasaauomo.
936 4083 967 4135 12
985 4057 1104 4150 sumpta,
1119 4083 1150 4134 in
1163 4097 1250 4150 marp.
1266 4079 1425 4146 susceptae

283 4177 315 4229 17
336 4179 426 4228 autem
446 4190 496 4226 om.
518 4189 536 4225 a
590 4173 624 4225 22
643 4171 731 4240 adque
746 4188 802 4224 san.
818 4171 900 4226 emb
972 4171 1119 4224 hocopus
1174 4171 1208 4222 23
1228 4169 1334 4222 Eramus
1344 4205 1421 4220 .....

283 4279 387 4316 eramus
407 4279 456 4316 om.
478 4280 496 4313 a
568 4262 601 4314 25
630 4267 671 4313 est
691 4276 741 4312 ora.
763 4260 814 4312 b¹a
902 4257 1045 4312 meditatio
1067 4258 1124 4312 ab¹
1197 4259 1231 4312 27
1259 4252 1422 4312 ctaatelex

283 4365 366 4404 oms
438 4351 466 4402 et
485 4353 549 4402 aute
568 4365 635 4401 unus
655 4365 706 4402 om.
728 4365 746 4400 a
