3072 4928
384 408 434 462 De
462 407 637 462 ciuitate
666 405 727 460 dei
758 406 821 462 lib.
849 405 886 462 Il.
914 423 991 478 cap.
1019 407 1061 461 20.
1255 411 1296 474 87

137 626 172 670 re
204 605 344 687 publica,
369 604 426 668 ubi
448 602 508 667 Dei
536 602 688 666 uoluntas
711 601 761 666 lex
785 605 844 678 est,
870 601 1080 667 clarissimum
1106 601 1167 667 sibi
1189 603 1295 668 locum

137 711 240 776 etiam
263 711 326 774 ista
350 727 517 792 conparere
541 707 718 774 tolerantia.

607 899 743 968 CAPUT
766 899 836 965 XX.

140 1043 268 1123 anali
294 1045 430 1110 uelint
452 1044 665 1109 felicitate
690 1043 866 1126 gaudere
886 1043 1094 1125 atquibus
1114 1041 1296 1107 moribus

100 1175 143 1210 s.
226 1152 382 1229 ninere,
408 1151 474 1234 qui
499 1153 678 1232 tempora
702 1149 965 1214 Christianae
988 1149 1209 1234 religionis

618 1257 822 1322 incusant.

189 1401 311 1464 Verum
334 1401 415 1464 tales
440 1400 578 1464 cultores
603 1401 635 1462 et
659 1397 826 1462 dilectores
847 1397 976 1462 deorum
995 1397 1141 1474 istorum,
1163 1415 1296 1479 quorum

138 1508 242 1572 etiam
270 1505 448 1571 imitatores
476 1506 508 1569 in
537 1503 710 1569 sceleribus
739 1507 771 1568 et
798 1504 929 1588 flagitiis
959 1523 992 1568 se
1026 1523 1096 1568 esso
1128 1503 1296 1582 laetantur,

139 1614 232 1678 nullo
266 1613 361 1676 modo
395 1614 505 1676 curant
536 1611 709 1695 pessimam
742 1629 778 1674 ac
815 1609 1098 1694 flagitiosissimam
1131 1628 1192 1673 non
1226 1627 1296 1673 esse

88 1753 117 1790 ιο
138 1739 209 1784 rem
241 1719 411 1804 publicam.
450 1717 585 1782 Tantum
620 1720 695 1794 stet,
724 1715 881 1799 inquiunt,
905 1721 1030 1781 tantum
1057 1717 1168 1781 floreat
1196 1715 1296 1798 copiis

138 1827 269 1896 referta.
294 1825 438 1889 uictoriis
468 1823 616 1909 gloriosa,
641 1823 703 1901 uel,
729 1821 812 1905 quod
842 1826 893 1887 est
919 1822 1055 1903 felicius,
1079 1840 1157 1906 pace
1185 1840 1297 1886 secura

139 1934 197 1997 sit.
241 1933 283 1996 Et
315 1931 390 2014 quid
423 1931 461 1996 ad
493 1935 572 1995 nos?
614 1931 716 1994 Immo
749 1929 781 1993 id
811 1928 849 1994 ad
878 1949 934 1994 nos
962 1929 1065 2014 magis
1094 1929 1239 2014 pertinet,
1269 1927 1296 1992 si

139 2039 278 2104 diuitias
307 2037 441 2122 quisque
469 2041 585 2122 augeat
613 2055 747 2118 semper,
771 2055 851 2120 quae
879 2036 1061 2101 cottidianis
1089 2035 1295 2100 effusionibus

138 2147 328 2229 subponant,
361 2165 416 2228 per
448 2163 527 2228 quas
561 2143 622 2208 sibi
656 2144 751 2208 etiam
784 2143 970 2209 infirmiores
1008 2142 1125 2208 subdet
1162 2143 1295 2225 quisque

89 2283 117 2322 1⁵
136 2254 314 2336 potentior.
358 2250 582 2334 Obsequantur
615 2250 769 2315 diuitibus
802 2269 956 2334 pauperes
991 2269 1085 2314 causa
1118 2248 1295 2313 saturitatis

138 2359 246 2440 adque
275 2362 312 2424 nt
339 2364 447 2422 eorum
471 2356 654 2440 patrociniis
679 2358 786 2440 quieta
809 2357 922 2422 inertia
945 2357 1154 2440 pertruantur,
1179 2354 1295 2419 diuites

137 2464 339 2548 pauperibus
368 2463 406 2527 ad
435 2463 597 2528 clientelas
627 2466 658 2526 et
686 2463 724 2526 ed
755 2463 968 2528 ministerium
1002 2463 1053 2528 sni
1083 2464 1187 2528 fastus
1221 2461 1295 2525 abu·

137 2573 263 2635 tantur.
290 2569 406 2650 Populi
430 2567 583 2652 plaudant
606 2588 666 2634 non
692 2569 929 2634 consultoribus
952 2569 1129 2634 utilitatum
1154 2587 1294 2644 suarum,

138 2677 200 2743 sed
223 2677 429 2760 largitoribus
452 2678 667 2760 uoluptatum.
710 2675 779 2741 Non
804 2676 881 2740 dura
904 2677 1082 2756 iubeantur,
1106 2695 1167 2740 non
1191 2673 1295 2756 prohi-

89 2817 116 2854 ιο
138 2785 280 2848 beantur
309 2781 431 2865 inpura.
473 2781 578 2866 Reges
612 2801 672 2847 non
707 2787 816 2847 curent
850 2802 944 2865 quam
975 2782 1078 2861 bonis,
1112 2781 1169 2846 scd
1201 2800 1295 2863 quam

139 2889 283 2955 subditis
306 2893 447 2972 regnent.
485 2888 671 2954 Prouincias
695 2889 824 2973 regibus
849 2909 909 2954 non
932 2893 1096 2973 tamquam
1118 2886 1295 2954 rectoribus

138 3015 281 3072 morum,
301 2996 356 3059 sed
379 2997 541 3077 tamquam
565 3014 670 3059 rerum
695 2995 943 3061 dominatoribus
969 3001 1000 3061 et
1020 2995 1205 3062 deliciarum
1225 3012 1295 3057 sua-

138 3122 214 3167 rum
238 3101 457 3185 prouisoribns
482 3102 632 3179 seruiunt,
653 3121 769 3184 cosque
793 3123 853 3168 non
874 3102 1038 3169 sinceriter
1055 3103 1219 3180 honorent,
1239 3098 1295 3164 sed

139 3209 303 3295 [nequiter
329 3206 375 3296 ac]
406 3209 566 3274 seruiliter
592 3209 736 3275 timeant.
780 3207 863 3288 Quid
892 3210 1011 3276 alienae
1044 3209 1155 3274 uineae
1187 3207 1295 3291 potius

91 3351 121 3390 a
142 3335 241 3400 quam
275 3314 351 3397 quid
384 3307 579 3380 snac'uituc
611 3314 745 3398 quisquc
782 3320 905 3394 noceat,
938 3315 1064 3400 legibus
1101 3315 1296 3380 aduertatur.

140 3421 263 3488 Nullus
292 3421 427 3486 ducatur
453 3420 492 3485 ad
515 3419 665 3498 iudicem,
689 3421 750 3486 nisi
774 3421 829 3504 qui
853 3422 973 3487 alienae
997 3421 1042 3486 rei
1066 3419 1175 3486 domui
1199 3419 1296 3484 saluti

142 3531 197 3596 uel
227 3529 376 3611 cuiqnam
399 3527 500 3596 inuito
524 3529 621 3594 fuerit
643 3529 833 3614 inportunus
858 3533 915 3596 aut
936 3529 1062 3606 noxius3
1092 3532 1233 3593 cetorum
1257 3526 1295 3590 dc

234 3705 250 3756 2
272 3719 378 3771 conpar.
397 3701 476 3756 toler.
496 3699 568 3764 Lm
588 3703 667 3758 toler.
688 3719 763 3773 conp.
787 3702 920 3760 Caelio
1025 3700 1294 3772 'lucrumlslfltales

140 3797 237 3848 tanam
258 3791 294 3858 ll)
314 3805 402 3854 maso,
421 3791 448 3845 L
520 3789 659 3845 dilictores
681 3791 714 3846 Οι
787 3795 803 3846 9
821 3809 874 3847 non
895 3809 945 3848 om.
965 3791 1036 3856 c²b¹,
1056 3797 1088 3845 ut
1106 3791 1230 3859 mariam
1248 3790 1292 3842 in-

142 3881 226 3936 clusit
245 3879 343 3935 Domb.
437 3879 469 3934 12
488 3879 569 3932 immo
589 3878 619 3932 id
638 3878 672 3933 ed
691 3897 740 3934 nos
758 3897 819 3949 sup.
839 3881 888 3936 lin.
911 3881 934 3934 0
1019 3881 1052 3935 13
1071 3882 1172 3948 augeat
1190 3893 1295 3946 semper

141 3969 244 4038 LAp;
274 3967 456 4037 transpositio
479 3967 512 4022 c'n
529 3967 588 4022 ΒΛ
611 3985 645 4022 m.
666 3971 686 4022 2
707 3975 809 4023 notato
832 3977 885 4037 est;
909 3987 1015 4040 semper
1040 3967 1294 4038 augescerent

143 4063 178 4115 15
198 4057 333 4112 dlbitibus
347 4057 373 4111 L
429 4059 462 4111 19
481 4056 626 4110 iubeantur
640 4057 736 4112 dureo
791 4059 826 4112 24
839 4060 965 4128 nequiter
979 4075 1010 4112 nc
1024 4075 1075 4112 ora.
1088 4059 1113 4110 L
1123 4060 1146 4110 Δ
1151 4073 1182 4126 p,
1196 4055 1295 4124 spurio

141 4145 238 4201 iudico
257 4161 318 4200 acm
336 4145 460 4199 bacolan
477 4145 655 4210 turbantem
668 4147 779 4216 Jipuroc
792 4149 911 4202 nemine
923 4147 1015 4202 studet
1029 4153 1127 4201 auctor
1197 4146 1294 4199 uineae

141 4233 408 4304 Ldadeppkf;
438 4235 526 4300 uince,
546 4250 576 4288 ee
599 4251 634 4290 m.
654 4239 674 4288 2
691 4235 723 4289 ia
740 4252 806 4298 roc„
826 4237 854 4301 b;
879 4238 958 4291 uince
980 4237 1021 4301 0¹,
1042 4237 1117 4290 uisse
1139 4235 1184 4301 0²3
1210 4233 1295 4290 nitio

142 4325 177 4378 26
196 4322 314 4378 iudicem
333 4323 433 4392 Ldp;
452 4323 556 4378 indices
577 4322 601 4376 C
617 4323 677 4378 rell.
697 4343 712 4381 o
730 4325 830 4380 Domb.
