3072 4928
249 429 292 493 74
590 428 617 482 S.
645 425 804 480 Aurelii
832 426 1053 496 Augustini

247 622 433 707 distinguat,
453 626 490 688 ut
513 623 614 689 malos
640 622 715 689 deos
738 622 904 706 propitiari
927 623 1076 689 caedibus
1101 625 1134 688 et
1155 621 1302 687 tristibus
1321 639 1397 705 eup-

245 729 470 812 plicaticnibus
504 731 640 808 adserat,
677 729 776 796 bonos
814 735 919 795 autem
960 729 1121 814 obsequiis
1157 729 1250 794 laetis
1292 727 1396 810 adque

244 836 402 914 iucundis,
432 837 538 920 qualia
566 841 650 914 sunt,
678 841 716 902 ut
743 837 811 922 ipse
841 837 895 914 ait,
918 836 987 902 ludi
1014 835 1163 902 conuiuia
1189 835 1396 900 lectisternia.

246 941 338 1022 Quod
357 946 461 1010 totum
481 945 573 1027 quale
593 943 645 1020 sit,
660 947 782 1027 postea,
798 943 826 1009 si
840 943 927 1008 Dens
945 942 1074 1021 iuuerit,
1090 942 1275 1028 diligentius
1295 941 1397 1006 disse·

243 1067 360 1118 remus.
397 1049 490 1115 Nunc
513 1051 642 1116 adrem
665 1053 863 1134 praesentem
889 1049 973 1133 quod
996 1048 1126 1122 adtinet,
1151 1049 1221 1114 siue
1246 1049 1396 1113 omuibus
1433 1073 1449 1112 a

245 1155 348 1220 omnia
375 1158 539 1239 tamquam
566 1157 658 1222 bonis
686 1157 838 1241 permixte
867 1156 1046 1220 tribuantur
1068 1156 1185 1240 (neque
1214 1155 1295 1220 enim
1324 1173 1397 1220 esse

245 1260 337 1326 decet
360 1262 436 1328 deos
459 1263 572 1342 malos,
593 1283 665 1329 curn
689 1263 797 1346 potius
816 1263 882 1340 isti,
903 1263 977 1345 quia
995 1261 1138 1326 inmundi
1158 1264 1232 1326 sunt
1250 1261 1396 1344 spiritnS,

244 1387 352 1434 omnes
381 1369 445 1433 sint
468 1367 568 1454 mali),
593 1368 662 1434 siue
687 1371 772 1434 certa
795 1367 992 1447 discretione,
1016 1367 1102 1432 sient
1123 1366 1263 1432 Labeoni
1285 1367 1397 1431 nisum

246 1476 305 1552 est,
324 1473 389 1540 illis
413 1474 477 1552 illa,
500 1475 572 1540 istis
590 1475 654 1540 ists
673 1474 905 1540 distribuantur
927 1474 1089 1556 obsequia,
1114 1472 1397 1556 conpetentissime

246 1578 358 1645 Graeci
372 1583 524 1662 utrosque
537 1579 649 1645 bonon'
664 1579 795 1659 ducunt,
812 1583 844 1644 et
862 1580 1053 1658 sacerdotes,
1067 1598 1124 1664 per
1143 1598 1222 1662 quos
1242 1578 1397 1643 uictimae
1419 1609 1447 1648 ιο

242 1685 471 1766 ministrantur,
502 1689 534 1750 et
561 1686 734 1762 scaenicos,
762 1706 818 1768 per
846 1705 925 1770 quos
953 1686 1022 1751 ludi
1049 1685 1244 1764 exhibentur,
1273 1704 1311 1749 ue
1339 1685 1397 1749 uel

244 1793 389 1857 omnibus
424 1791 473 1856 dis
502 1793 580 1870 suis,
611 1793 639 1856 si
668 1795 700 1857 et
727 1793 794 1857 ludi
824 1794 969 1858 omnibus
998 1793 1081 1878 grati
1110 1795 1194 1870 suut,
1219 1792 1282 1869 uel,
1307 1789 1395 1875 quod

244 1901 292 1964 est
321 1897 492 1984 indignius,
521 1899 581 1976 his,
611 1918 691 1982 quos
719 1900 820 1965 bonos
852 1903 976 1982 putent,
1005 1899 1032 1965 si
1063 1898 1132 1964 ludi
1164 1899 1202 1964 ab
1236 1899 1283 1964 eis
1312 1897 1392 1962 solis

245 2009 400 2085 amantur,
423 2007 524 2072 faeere
550 2007 778 2072 connineantur
798 2007 955 2072 iniuriam.

700 2199 836 2266 CAPUT
859 2199 930 2264 XII.
1417 2231 1444 2272 1⁵

241 2342 353 2422 Quod
382 2342 549 2408 Romani
580 2342 802 2408 auferendo
832 2342 1072 2408 libertatem
1099 2342 1232 2426 poetis
1262 2341 1302 2406 in
1330 2341 1394 2405 bo-

240 2450 378 2532 mines,
403 2470 516 2533 quam
540 2450 740 2516 dederunt
761 2449 800 2514 in
825 2450 931 2528 deos,
955 2449 1104 2514 melius
1133 2448 1177 2513 de
1207 2469 1247 2514 se
1276 2467 1393 2532 qnam

573 2556 703 2624 dedis
728 2557 814 2624 suis
839 2556 1054 2622 senserint.

283 2696 326 2762 llt
347 2696 491 2776 Romani,
517 2697 602 2764 sicut
622 2697 654 2762 in
682 2699 739 2763 illa
767 2697 805 2762 de
831 2717 865 2763 re
889 2697 1018 2781 publiea
1041 2697 1257 2780 disputatione
1281 2695 1390 2779 Scipio

240 2804 403 2888 glorietur,
422 2804 545 2887 probris
565 2808 598 2869 et
614 2805 738 2870 iniuriis
757 2809 921 2888 poetarum
943 2803 1120 2870 subiectum
1136 2804 1237 2869 uitam
1255 2803 1387 2868 sumam·
1412 2821 1442 2862 ιο

239 2929 298 2992 que
326 2910 440 2976 habere
472 2912 651 2988 noluerunt,
681 2911 783 2994 capite
817 2911 913 2976 etiam
946 2911 1134 2988 sancientes,
1163 2912 1227 2975 tale
1260 2928 1384 2975 carmen

239 3016 370 3082 condere
400 3017 427 3081 si
457 3017 528 3100 quis
553 3018 691 3084 auderet.
729 3015 821 3096 Quod
845 3035 919 3100 erga
942 3037 976 3082 se
1001 3017 1129 3098 quidem
1153 3016 1231 3083 satis
1254 3017 1385 3082 honeste

239 3125 480 3203 constituerunt,
500 3125 555 3189 sed
579 3143 654 3208 erga
677 3124 753 3189 deos
777 3143 853 3188 suos
878 3124 1013 3205 superbe
1036 3125 1069 3187 et
1085 3122 1280 3207 inreligiose;
1305 3141 1383 3208 quos

239 3249 311 3295 cum
335 3231 452 3296 scirent
475 3251 535 3297 non
561 3231 667 3295 solum
689 3230 857 3314 patienter,
875 3248 988 3294 uerum
1012 3229 1108 3294 etiam
1126 3229 1262 3296 libenter
1279 3233 1385 3314 poeta-

237 3356 307 3400 mm
321 3336 445 3421 probris
460 3337 702 3420 maledictisque
717 3335 859 3414 lacerari,
877 3355 910 3401 se
926 3336 1033 3419 potins
1050 3354 1144 3419 quem
1157 3336 1232 3402 illos
1250 3337 1384 3402 huiusce
1405 3356 1433 3396 rs

238 3442 324 3509 modi
350 3443 475 3508 iniuriis
497 3444 644 3528 indiguos
669 3463 738 3508 esse
762 3443 918 3509 duxerunt
941 3462 1037 3523 seque
1062 3441 1099 3508 ab
1124 3442 1170 3508 eis
1194 3443 1291 3508 etiam
1312 3443 1384 3526 lege

238 3549 428 3630 munierunt,
462 3551 588 3614 illorum
622 3554 728 3616 autem
759 3550 823 3614 ista
856 3550 952 3614 etiam
985 3549 1082 3614 sceris
1115 3549 1383 3616 sollemnitatibus

273 3739 289 3793 3
309 3739 436 3794 oonuibis
453 3739 480 3793 L
534 3742 551 3794 6
569 3741 718 3810 permixtae
736 3739 810 3806 Ln,·
827 3740 960 3809 permixta
973 3758 991 3791 α
1041 3741 1056 3793 7
1077 3741 1140 3810 qula
1154 3739 1213 3794 LA
1223 3741 1317 3810 epple
1327 3743 1382 3809 fau

238 3829 285 3899 qni
305 3829 411 3884 eane
429 3829 527 3885 Domb.
548 3831 612 3900 quia
630 3845 716 3900 usque
735 3829 774 3882 ad
792 3827 957 3884 discretione
977 3845 1028 3882 om.
1048 3828 1077 3884 b²
1130 3829 1147 3882 8
1166 3834 1231 3884 sunt
1248 3830 1314 3884 muli
1328 3829 1383 3886 ΕΔ

236 3944 340 4015 llbeoni
358 3945 384 3998 L
453 3945 487 4000 10
504 3945 600 4000 honori
619 3945 721 4000 ducunt
739 3945 799 3998 Lu
812 3944 1040 4014 Cubdeplrf5
1058 3945 1154 3999 honori
1174 3943 1268 3999 dicunt
1287 3965 1316 4009 α;
1335 3947 1383 3999 bo-

236 4049 301 4087 nore
324 4033 427 4088 ducunt
446 4051 476 4103 ᾳ,-
498 4035 600 4089 bonore
624 4033 722 4105 dignos
747 4033 850 4088 ducunt
870 4032 925 4088 u²e
1036 4036 1066 4088 11
1094 4036 1122 4088 et
1145 4035 1265 4088 scenicos
1290 4051 1341 4088 ons.
1360 4034 1383 4088 e¹

237 4121 270 4176 14
289 4123 511 4192 confinganture
580 4123 612 4176 16
631 4123 659 4176 in
678 4122 836 4178 hominibus
850 4139 872 4192 p
944 4123 977 4177 18
997 4125 1175 4192 senseruntp
1248 4122 1281 4176 21
1303 4123 1384 4178 etiarn

237 4210 401 4316 sancientes¹
419 4209 786 4280 LAO¹obdepqukf;
818 4213 901 4265 etium
933 4211 1108 4281 plectendum
1140 4211 1293 4266 sancientes
1327 4209 1385 4264 C²n

236 4325 270 4379 27
290 4292 511 4397 sollem'ptatibus
530 4343 544 4382 e
