3108 4926
258 433 326 496 288
605 427 632 484 S.
658 427 815 481 Aurelii
842 425 1060 497 Augustini

257 624 383 706 poetica
406 624 554 688 similiter
578 625 766 688 excusentur
793 621 895 704 adque
923 624 1119 706 purgentur?
1146 621 1243 686 Multi
1267 621 1349 686 enim
1374 623 1407 685 et

256 731 327 812 ipsa
350 729 389 794 ad
414 730 548 794 eundem
567 729 697 794 modum
716 729 914 811 interpretati
934 731 1019 805 sunt,
1038 747 1139 810 usque
1158 726 1236 792 adeo
1255 733 1302 806 ut,
1321 727 1406 810 quod

258 837 295 902 ab
321 837 366 902 eis
389 836 645 902 inmanissimum
666 839 697 901 et
714 835 970 900 infandissimum
990 833 1115 911 dicitur,
1136 833 1309 900 Saturnum
1329 853 1405 898 suos

256 942 340 1008 filios
365 943 545 1021 decorasse,
570 943 616 1006 ita
637 942 779 1007 nonnulli
802 942 1057 1025 interpretentur,
1082 940 1167 1024 quod
1189 940 1406 1025 longinquitas

257 1050 420 1134 temporis,
450 1069 530 1132 quae
564 1048 691 1114 Saturni
724 1049 849 1114 nomine
882 1047 1090 1132 significatur,
1115 1046 1269 1130 quidquid
1300 1047 1407 1133 gignit
1435 1069 1447 1108 s

254 1153 327 1241 ipsa
349 1157 527 1232 consumat,
550 1155 615 1236 uel,
639 1155 724 1220 sicut
747 1154 831 1219 idem
852 1154 998 1238 opinatur
1016 1153 1124 1232 Varro,
1147 1154 1231 1236 quod
1247 1155 1408 1236 pertineat

258 1262 413 1328 Saturnus
438 1261 478 1326 ad
502 1261 632 1340 semina,
658 1280 738 1343 quae
761 1261 793 1325 in
816 1264 943 1337 terram,
968 1260 1005 1324 de
1029 1280 1091 1343 qua
1115 1260 1268 1338 oriuntur,
1287 1261 1407 1326 iterum

255 1369 410 1434 recidunt.
433 1369 579 1451 Itemque
603 1367 658 1432 alii
681 1368 743 1432 alio
767 1367 860 1432 modo
886 1370 917 1431 et
941 1367 1087 1432 similiter
1110 1371 1221 1432 cetera.

300 1475 342 1540 Et
360 1480 466 1540 tamen
483 1475 646 1558 theologia
663 1473 809 1540 fabulosa
827 1473 944 1538 dicitur·
962 1477 994 1538 et
1012 1493 1085 1538 cum
1105 1473 1251 1538 omnibus
1270 1473 1407 1539 huiusce

254 1581 342 1648 modi
364 1581 677 1665 interpretationibus
701 1581 769 1646 suis
793 1580 1033 1664 reprehenditur
1056 1580 1449 1662 abiciturinprobatur,1o

256 1707 313 1753 nec
342 1690 446 1754 solum
471 1708 489 1752 a
513 1687 658 1766 naturali,
687 1706 766 1769 quae
794 1687 1056 1770 pbilosophorum
1084 1689 1143 1765 est,
1167 1706 1279 1752 uerum
1307 1687 1407 1752 etiarn

256 1795 294 1858 ab
317 1795 382 1859 ista
405 1795 504 1870 ciuili,
529 1795 567 1859 de
591 1814 654 1877 qua
678 1794 815 1878 agimus,
841 1812 919 1877 quae
944 1792 983 1858 ad
1005 1794 1099 1858 urbes
1127 1795 1328 1878 populosque
1351 1794 1407 1859 ad-

256 1901 371 1966 seritur
392 1903 559 1986 pertinere,
588 1919 624 1964 eo
653 1899 739 1983 quod
767 1900 804 1964 de
833 1900 883 1965 dis
909 1899 1041 1984 indigna
1069 1899 1260 1977 confinxerit,
1292 1901 1405 1966 merito

255 2006 448 2092 repudianda
486 2007 684 2085 discernitur,
721 2026 757 2072 eo
795 2007 943 2072 nimirum
986 2007 1129 2086 oonsilio,
1167 2010 1214 2088 ut,
1253 2007 1406 2090 quoniam

255 2115 434 2180 acutissimi
457 2114 600 2179 homines
624 2114 726 2196 adque
750 2113 938 2191 doctissimi,
962 2113 1120 2196 aquibus
1144 2113 1207 2178 ista
1225 2114 1407 2196 conscripta
1425 2139 1448 2180 rs
1552 2177 1553 2184 ,

256 2225 341 2297 sunt,
365 2222 473 2286 ambas
498 2219 708 2304 inprobandas
736 2219 973 2304 intellegebant,
997 2223 1029 2285 et
1050 2220 1138 2284 illam
1167 2220 1293 2286 scilicet
1314 2221 1406 2286 fabu-

254 2329 355 2394 losam
385 2331 418 2391 et
439 2325 536 2392 istam
560 2326 699 2405 ciuilem,
722 2326 812 2391 illam
834 2345 910 2391 uero
939 2325 1097 2391 auriebant
1123 2327 1300 2409 inprobare,
1324 2328 1406 2392 hanc

254 2455 315 2500 non
357 2432 529 2510 audebant3
571 2433 660 2498 illam
702 2433 892 2518 culpandam
932 2437 1175 2517 proposuerunt,
1211 2435 1293 2500 hauc
1336 2434 1406 2500 eius

255 2541 392 2606 similem
421 2539 650 2623 conparandam
678 2543 901 2622 exposuerunt,
925 2561 1053 2606 -non
1080 2543 1118 2607 ut
1144 2542 1222 2607 haee
1248 2561 1325 2625 prae
1350 2542 1407 2606 illa

253 2647 390 2713 urenda
418 2648 599 2732 aligeretur,
624 2647 680 2712 sed
707 2651 744 2711 ut
772 2665 844 2711 cum
873 2647 929 2712 illa
950 2646 1127 2731 respuenda
1148 2647 1404 2733 intellegeretur,
1423 2673 1448 2713 ss

254 2755 357 2837 adque
380 2756 426 2819 ita
449 2755 516 2820 sine
539 2753 682 2836 periculo
710 2773 829 2832 eorum,
855 2753 909 2835 qui
937 2753 1065 2818 ciuilem
1092 2754 1277 2839 theolog'an
1300 2775 1406 2840 repre·

253 2860 388 2926 bendere
420 2861 614 2938 metuebant,
648 2862 782 2942 utraque
820 2862 980 2924 contemta
1016 2879 1063 2938 ea,
1096 2880 1191 2943 quam
1224 2863 1405 2926 naturalem

253 2971 378 3044 uocant,
403 2971 480 3052 aput
502 2967 650 3033 meliores
674 2967 796 3032 animos
820 2965 978 3031 inueniret
1000 2967 1117 3031 locum.
1141 2965 1223 3032 Nam
1243 2969 1276 3030 et
1295 2967 1405 3032 ciuilis

254 3077 286 3138 et
316 3073 462 3140 fabulosa
494 3073 605 3138 ambae
637 3073 802 3138 fabulosae
835 3077 910 3138 sunt
933 3073 1107 3156 ambaeque
1132 3071 1260 3150 ciuiles3
1292 3073 1405 3139 ambas

252 3179 392 3246 inueniet
427 3179 599 3259 fabulosas,
638 3179 692 3262 qui
729 3179 887 3244 uanitates
924 3181 957 3244 et
988 3179 1202 3244 obscenitates
1235 3181 1403 3245 ambarum
1421 3208 1446 3250 ss

290 3467 531 3522 lexcausanture
586 3469 942 3536 excusantur..purgantur
960 3485 978 3519 α
1031 3465 1145 3536 2ipsil
1198 3471 1231 3522 ut
1248 3483 1309 3536 sup.
1325 3469 1405 3524 liat

253 3557 269 3609 5
289 3553 416 3624 quicquid
437 3554 494 3610 O²c
548 3557 564 3610 6
584 3560 753 3610 consummat
774 3556 807 3610 0¹
866 3557 882 3611 8
900 3555 1032 3620 recidunt,
1052 3573 1070 3610 u
1088 3573 1122 3611 m.
1143 3558 1212 3610 2in
1229 3573 1244 3610 a
1264 3573 1345 3622 corr,
1368 3558 1405 3626 0,-

251 3677 392 3745 repcidunt
410 3679 430 3734 1Ι
497 3682 561 3772 9191
579 3685 670 3735 tamen
688 3699 722 3734 m.
742 3685 758 3734 1
775 3682 807 3734 in
824 3681 941 3751 marpl
1005 3682 1036 3734 ll
1057 3697 1073 3734 a
1092 3697 1142 3736 om.
1164 3697 1183 3734 a
1243 3682 1275 3735 12
1295 3640 1403 3748 ciuilia,

251 3803 283 3856 iu
300 3805 425 3873 margine
441 3823 477 3860 aa.
495 3783 523 3860 2¹
539 3785 723 3875 'theologiae'
791 3806 926 3874 pertinere
946 3820 1057 3859 assero
1113 3805 1146 3859 13
1165 3805 1405 3864 confinxeriutl’c

253 3893 287 3947 14
315 3893 450 3966 concilies,
470 3911 504 3948 ec
522 3894 665 3949 consilium
684 3895 808 3957 corr.,0
897 3896 929 3948 15
957 3894 1079 3948 homines
1099 3895 1180 3964 atque
1199 3894 1351 3949 doctissimi
1370 3899 1404 3952 ira

251 3997 336 4049 marg.
355 3981 468 4048 infeci
540 3984 580 4036 ita
600 3983 632 4035 0¹
701 3983 736 4038 20
754 3981 803 4036 sed
821 3987 853 4036 ut
871 3985 942 4052 cum]
962 3983 1114 4038 seductori
1177 3984 1404 4055 21ciuilem1in

252 4067 335 4122 decc
352 4085 449 4124 amma
468 4071 576 4126 lineolis
600 4072 681 4126 deleti
697 4077 769 4126 sunt.
788 4073 881 4126 scriba
899 4072 971 4125 mim
990 4071 1029 4125 ad
1044 4073 1172 4140 superius
1190 4071 1297 4126 ciuilem
1315 4089 1343 4127 a.
1365 4079 1405 4129 17

251 4156 433 4212 aberrauerat
452 4166 476 4214 et
494 4161 581 4214 certa
598 4161 664 4214 inde
682 4161 718 4215 ab
737 4160 811 4216 illam
831 4177 895 4214 uero
913 4177 998 4230 usquc
1016 4161 1056 4214 ud
1074 4177 1165 4216 eorum
1184 4161 1231 4230 qui
1252 4177 1280 4214 a.
1301 4165 1337 4215 21
1357 4162 1404 4219 bic

247 4251 380 4312 posuerat
486 4247 626 4318 theologia
645 4249 719 4303 und
807 4249 841 4302 22
861 4250 912 4318 eal,
931 4265 958 4303 m
977 4250 1102 4312 cras.,0
1191 4251 1225 4304 23
1244 4249 1404 4304 inueniret

251 4332 345 4386 ciuiles
365 4334 385 4387 cl
437 4337 472 4390 24
491 4336 614 4391 fabulosa
633 4336 727 4392 ambae
748 4354 797 4392 om.
819 4339 838 4391 d
