3136 4934
617 403 643 456 S.
672 401 829 458 Aurelii
857 403 1072 473 Augustini

736 595 897 660 LIBER
919 597 958 659 X.

753 790 890 856 CAPUT
913 792 938 856 Ι.

273 933 414 997 Veram
439 933 744 998 beatitudinem
769 933 857 997 siue
882 933 1041 1017 angelis
1066 933 1156 998 siue
1179 933 1415 998 hominibus

273 1059 479 1123 perunum
500 1039 623 1104 Deum
642 1040 773 1103 tribui
794 1041 914 1104 etiam
933 1040 1175 1105 Platonicos
1200 1041 1415 1116 definisse;

275 1145 343 1210 sed
369 1148 502 1209 utrum
527 1146 577 1224 hi,
602 1165 699 1228 quos
725 1147 770 1212 ob
795 1148 867 1210 hoc
890 1147 1022 1230 ipsum
1047 1147 1242 1213 colendos
1273 1151 1455 1230 putante

272 1253 342 1316 uni
365 1256 523 1317 tantum
552 1252 641 1329 Deo,
671 1273 715 1318 an
745 1254 865 1318 etiam
895 1253 977 1318 sibi
1007 1254 1246 1318 sacrificari
1275 1255 1415 1329 uelint,

648 1379 738 1424 esse
764 1361 1048 1441 quaerendum.

318 1501 467 1566 Omnium
492 1503 577 1566 certa
601 1503 756 1566 sententia
787 1505 845 1578 est,
879 1503 933 1584 qui
957 1504 1077 1568 ratione
1102 1523 1228 1586 quoquo
1253 1503 1349 1568 modo
1374 1505 1417 1567 111

273 1611 417 1690 possunt,
441 1609 553 1673 beatos
579 1627 648 1672 essa
683 1628 792 1673 omnes
812 1609 955 1673 homines
990 1609 1083 1673 uelle.
1132 1607 1193 1688 Qui
1227 1613 1335 1674 autem
1360 1611 1420 1674 sint

272 1715 326 1778 uel
348 1714 431 1779 unde
455 1715 531 1778 liant
555 1714 629 1779 dum
654 1715 837 1779 mortalium
862 1715 986 1796 quaerit
1008 1715 1185 1791 infirmitas,
1210 1718 1333 1781 multae
1357 1737 1416 1781 ma·
1433 1742 1456 1780 n

273 1841 415 1906 gnaeqrre
445 1823 677 1886 controuersiae
711 1822 887 1886 concitatae
916 1826 1000 1901 sunt,
1029 1823 1060 1886 in
1091 1823 1206 1905 quibus
1238 1824 1418 1908 philosophi

273 1947 332 1992 sua
364 1929 470 1992 studia
504 1931 536 1992 et
568 1928 633 1993 otia
666 1929 894 2006 contuderunt,
928 1949 1006 2012 quas
1034 1929 1065 1993 in
1095 1929 1235 1994 medium
1266 1929 1418 1994 adducere

273 2035 376 2116 adque
401 2035 559 2100 discutere
583 2037 616 2099 et
636 2035 767 2118 longum
798 2039 847 2100 est
871 2038 985 2100 elnon
1013 2037 1236 2101 necessarium.
1280 2035 1314 2102 Si
1338 2037 1417 2101 eninr

272 2142 384 2206 recolit
408 2141 462 2224 qui
486 2141 563 2206 haec
587 2143 675 2226 legit,
710 2141 785 2224 quid
813 2143 844 2206 in
872 2141 953 2207 libro
983 2143 1142 2227 egerimus
1171 2147 1286 2208 octauo
1311 2145 1343 2207 in
1368 2143 1418 2208 eli-

274 2247 384 2332 gendis
408 2247 617 2332 philosophis,
643 2267 713 2312 cum
735 2249 851 2331 quibus
876 2250 953 2314 haec
973 2249 1010 2313 de
1029 2249 1122 2314 beata
1140 2250 1219 2331 uita,
1244 2270 1326 2333 quae
1350 2254 1418 2333 post
1435 2269 1456 2312 n

272 2357 407 2420 mortem
436 2356 543 2419 futura
571 2359 630 2431 est,
664 2357 808 2437 quaestio
837 2359 1034 2430 tractaretur,
1068 2359 1175 2421 utrum
1204 2356 1244 2420 ad
1272 2377 1342 2421 eam
1365 2357 1416 2421 uni

272 2461 339 2526 Deo
364 2481 450 2538 uero,
477 2464 530 2544 qui
550 2463 644 2526 etiarn
667 2463 795 2528 effector
818 2466 868 2527 est
891 2463 1031 2541 deorum,
1057 2483 1094 2528 an
1113 2463 1261 2546 plurimis
1282 2463 1332 2528 dis
1351 2463 1416 2527 reli·

273 2571 366 2654 gione
390 2569 552 2652 sacrisque
577 2570 741 2634 seruiendo
765 2569 929 2653 peruenire
954 2571 1130 2652 possimus:
1163 2589 1224 2634 non
1248 2571 1345 2634 etiam
1370 2569 1418 2634 hic

272 2676 380 2740 eadem
410 2677 510 2758 repeti
538 2679 691 2759 expectat,
722 2677 907 2759 praesertim
941 2695 1012 2740 cum
1045 2677 1148 2760 possit
1180 2677 1360 2761 relegendo,
1392 2676 1417 2740 si

272 2784 353 2847 forte
386 2783 505 2847 oblitus
539 2787 597 2860 est,
636 2781 853 2846 adminiculari
891 2783 1087 2847 memoriam.
1133 2783 1298 2866 Elegimus
1336 2783 1415 2847 enim
1432 2805 1455 2844 11

272 2889 454 2954 Platonicos
488 2889 629 2954 omnium
660 2889 923 2972 philosophorum
955 2889 1068 2955 merito
1097 2889 1325 2968 nobilissimae,
1350 2910 1415 2973 pro-

272 3001 380 3079 pterea
403 2997 477 3078 quia
501 3015 609 3080 sapere
634 2999 807 3078 potuerunt
832 2996 911 3060 licet
937 2997 1137 3062 inmortalem
1165 3015 1201 3060 ac
1232 2996 1415 3061 rationalem

273 3104 326 3167 uel
357 3103 606 3168 intellectualem
639 3103 776 3167 hominis
815 3103 950 3167 animam
983 3103 1043 3167 nisi
1075 3103 1265 3186 participato
1298 3103 1415 3167 lumine

271 3210 360 3274 illius
382 3210 453 3288 Dei,
487 3231 504 3274 a
529 3229 589 3293 quo
615 3209 739 3293 etipsa
763 3213 795 3273 et
817 3210 955 3274 mundus
978 3211 1083 3274 lactus
1108 3213 1166 3287 est,
1199 3209 1325 3274 beatam
1349 3227 1415 3274 esse

272 3337 332 3380 non
357 3336 466 3398 posse;
504 3317 663 3392 1111111111,
698 3317 783 3398 quod
812 3335 920 3381 omnes
949 3317 1092 3381 homines
1117 3316 1279 3398 adpetunt,
1313 3315 1347 3380 id
1370 3319 1452 3380 esta

273 3422 371 3487 uitam
398 3424 532 3502 beatam,
566 3443 758 3506 quemquam
782 3424 837 3488 isti
864 3423 1091 3488 adsecuturum
1118 3424 1243 3506 negant,
1278 3423 1334 3504 qui
1356 3442 1413 3488 uon

271 3530 320 3594 illi
343 3531 398 3593 uni
423 3531 552 3613 optimo,
577 3530 661 3612 quod
685 3533 734 3594 est
757 3529 1029 3594 incommutabilis
1053 3529 1151 3605 Deus,
1175 3528 1313 3611 puritate
1338 3529 1414 3594 casti

273 3637 389 3700 amoris
413 3637 601 3700 adhaeserit.
626 3635 689 3700 Sed
709 3636 783 3718 quia
801 3636 862 3718 ipsi
882 3655 1007 3718 quoque
1027 3637 1095 3700 siue
1115 3635 1263 3700 cedentes
1282 3635 1413 3699 uanitati

308 3871 513 3940 4diliinissep
587 3872 763 3939 badhocp
836 3871 1112 3939 9sintsap.lr'n.o
1188 3869 1413 3940 10dum1diuo

273 3976 371 4028 magne
390 3961 528 4029 multoque
549 3978 567 4014 a
631 3961 661 4014 11
683 3962 819 4028 cogitatae
839 3977 857 4012 a
923 3961 955 4012 12
976 3959 1212 4013 contribuerunta
1267 3961 1302 4013 14
1320 3961 1412 4013 octauo

274 4049 439 4115 egerimuse
503 4051 535 4102 17
556 4051 599 4102 est
617 4049 727 4102 deorum
747 4049 889 4102 effectore
954 4047 987 4102 18
1005 4049 1181 4117 possumusb
1248 4047 1413 4103 2011111111·

274 4138 357 4191 culari
372 4155 430 4205 pra·
452 4137 644 4191 adminiculata
664 4139 774 4192 abael
793 4137 891 4192 Donrb.
941 4138 976 4190 22
995 4153 1088 4206 sapere
1107 4153 1183 4204 msa.;
1201 4137 1272 4191 sicut
1289 4149 1412 4206 saperes

274 4226 308 4278 26
328 4225 437 4278 beatam
457 4228 540 4279 uitam
561 4245 579 4280 a
651 4243 813 4296 quamquam
833 4243 851 4280 a
906 4229 939 4280 27
959 4242 1041 4279 unce
1113 4223 1411 4296 quodbelpsalr²f;

275 4313 421 4380 quialr¹c
475 4315 721 4368 28adheserinta
