3164 4932
305 424 355 476 De
386 423 559 478 ciuitate
587 423 650 478 dci
678 424 743 478 lib.
771 424 832 478 XII.
861 442 936 497 cap.
965 428 1008 480 24.
1032 429 1075 482 25.
1100 429 1142 482 26.
1237 431 1301 496 609

150 621 308 683 nonerunt
339 619 378 683 de
411 619 558 683 humanis
592 620 796 704 conceptibus
830 620 932 704 adque
963 623 1129 704 partubus,
1159 623 1186 688 si
1218 623 1302 688 inex-

149 725 249 806 pertis
265 729 473 804 narrarentur,
488 725 724 791 incredibiliora
743 728 939 805 niderentur;
960 729 1107 811 quamuis
1127 731 1160 793 et
1179 749 1215 794 ea
1232 730 1303 813 ipse

149 831 293 914 plerique
330 833 433 915 magis
470 835 602 898 naturae
635 833 852 916 corporalibus
886 835 991 900 causis
1025 855 1119 917 quarn
1153 836 1301 920 operibns

150 937 277 1002 diuinae
300 937 416 1002 mentis
441 937 617 1022 adsignent.

118 1153 131 1193 c
594 1130 731 1196 CAPUT
754 1133 854 1198 XXV.

203 1273 258 1337 dn
283 1271 411 1336 ullius
436 1273 503 1336 uel
526 1272 715 1337 minimae
740 1277 954 1362 creaturae
977 1277 1142 1358 possint
1164 1276 1248 1342 dici

536 1381 674 1463 angeli
698 1385 916 1447 creatores.

197 1523 259 1589 Sed
289 1542 361 1587 curn
389 1523 439 1589 bis
468 1523 594 1588 nullum
618 1523 708 1588 nobis
734 1524 783 1588 est
805 1524 837 1587 in
861 1523 910 1588 his
933 1523 1024 1588 libris
1048 1525 1223 1608 negotium,
1248 1525 1302 1607 qui

152 1629 293 1694 diuinam
316 1634 455 1694 mentem
474 1631 577 1695 facere
598 1630 649 1696 nel
668 1649 776 1696 curare
796 1631 858 1695 ista
876 1649 937 1695 non
958 1631 1098 1696 credunt.
1123 1631 1175 1695 llli
1194 1633 1301 1695 antem

108 1758 134 1797 ro
153 1737 208 1819 qui
231 1736 356 1800 Platoni
381 1756 439 1802 suo
464 1738 596 1801 credunt
618 1756 678 1802 non
703 1738 741 1801 ab
766 1737 821 1801 illo
846 1756 971 1814 summo
990 1738 1068 1816 Deo,
1093 1737 1146 1820 qui
1171 1737 1302 1801 fabrica-

151 1848 205 1908 tus
234 1848 284 1908 est
311 1843 476 1918 mnndum,
505 1845 561 1908 sed
580 1845 628 1909 ¹ab
657 1845 728 1908 aliis
757 1844 945 1923 minoribns
974 1863 1053 1926 qnos
1082 1845 1210 1928 quidem
1233 1843 1302 1925 ipse

152 1951 317 2028 creauerit,
341 1951 498 2033 permissu
524 1950 592 2014 siue
617 1949 708 2016 iussn
733 1950 801 2014 eins
826 1949 974 2014 animalia
996 1950 1081 2015 facta
1101 1969 1171 2014 esse
1190 1954 1303 2015 cuncta

152 2058 309 2134 mortalia,
333 2058 365 2120 in
391 2056 505 2140 quibus
533 2058 628 2122 homo
656 2057 862 2140 praecipuum
891 2056 1002 2139 disque
1028 2057 1108 2140 ipsis
1133 2059 1301 2141 cognatum

151 2165 274 2227 teneret
303 2163 420 2238 locum,
455 2164 481 2228 si
515 2164 740 2247 superstitione
773 2167 908 2242 careant,
942 2183 1004 2246 qua
1037 2167 1193 2246 quaerunt
1219 2163 1302 2227 unde

108 2288 134 2328 rr
152 2269 238 2334 inste
269 2269 440 2336 uideantur
472 2289 560 2335 sacra
594 2273 626 2335 et
654 2271 808 2336 sacrificia
834 2271 937 2335 fecere
965 2270 1056 2352 qnasi
1085 2270 1301 2335 conditoribus

153 2375 232 2452 suis,
248 2375 344 2441 <facile
365 2377 516 2443 carebunt
539 2378 634 2442 etiam
658 2377 754 2442 huius
775 2377 930 2460 opinionis
950 2396 1062 2442 errore.
1087 2376 1198 2460 Neque
1219 2377 1302 2440 enim

153 2486 201 2549 fas
231 2488 280 2550 est
303 2483 402 2548 ullius
426 2487 555 2548 naturae
580 2484 756 2566 quamlibet
779 2483 928 2547 minimae
951 2484 1159 2566 mortalisque
1183 2488 1302 2547 creato·

152 2611 220 2656 rem
243 2591 305 2654 nisi
326 2591 429 2654 Deum
454 2590 578 2654 credere
602 2609 639 2654 ac
658 2589 772 2666 dicere,
793 2593 825 2654 et
844 2593 1012 2672 antequem
1031 2589 1134 2673 possit
1150 2589 1302 2674 intellegi.

153 2697 269 2780 Angeli
297 2699 413 2773 autem,
442 2716 521 2778 quos
549 2696 597 2760 illi
626 2697 702 2761 deos
729 2696 882 2760 libentius
907 2696 1077 2779 appellant,
1102 2695 1227 2760 etiamsi
1250 2695 1300 2760 ad-

108 2823 135 2863 so
153 2804 266 2868 hibent
296 2803 349 2868 nel
375 2803 455 2868 iussi
483 2803 535 2866 nel
563 2803 709 2886 permissi
738 2803 949 2886 operationem
979 2822 1069 2868 suam
1098 2804 1192 2868 rebus
1222 2821 1301 2885 quae

153 2911 328 2994 gignuntur
345 2910 377 2974 in
396 2908 523 2985 mundo,
542 2913 608 2973 tem
628 2929 689 2974 non
710 2928 764 2975 eos
785 2910 920 2974 dicimus
936 2913 1091 2974 creatores
1107 2909 1301 2986 animalium,

153 3037 247 3099 qnam
272 3035 328 3082 nec
352 3017 507 3101 agricolas
531 3017 658 3101 frugum
683 3016 786 3098 adque
810 3017 966 3081 arborum.

591 3207 728 3274 CAPUT
751 3209 865 3272 XXVI.

204 3353 364 3418 Omnem
388 3356 570 3418 naturam
595 3355 633 3416 et
658 3370 806 3416 omnem
832 3351 1010 3434 speciem
1035 3351 1252 3416 uniuersae

108 3483 133 3523 as
154 3463 366 3526 creaturae
395 3477 469 3524 non
498 3459 579 3524 nisi
608 3477 726 3540 opere
750 3456 822 3522 Dei
850 3457 947 3522 fieri
971 3457 1098 3539 adque
1121 3457 1300 3522 formari.

200 3601 280 3667 Cum
318 3601 401 3666 enim
439 3601 500 3665 alia
536 3601 581 3664 sit
617 3599 751 3683 species,
790 3617 869 3681 quae
907 3597 1074 3662 adhibetur
1107 3597 1302 3662 extrinsecus

153 3711 344 3792 cuicumque
359 3710 508 3772 materiae
524 3707 688 3789 corporali,
706 3707 791 3770 sieut
810 3708 979 3788 operantur
997 3705 1142 3768 homines
1161 3703 1252 3787 figuli
1272 3706 1304 3766 et

244 3935 277 3989 10
296 3934 365 3988 Tim.
384 3951 410 4004 p.
431 3934 474 3996 41,
495 3932 516 3988 (l

191 4072 203 4123 1
228 4069 351 4139 partibus
376 4068 432 4122 V¹t
503 4067 660 4122 ementis
732 4067 748 4118 5
774 4063 838 4134 Cap.
857 4063 997 4118 XXIIIIo
1071 4065 1104 4118 13
1123 4025 1300 4132 praecipua?-

152 4159 251 4228 disquc
274 4157 300 4211 V
371 4159 404 4211 14
432 4155 688 4226 superstitutionel
762 4157 794 4208 15
820 4171 896 4208 sacra
916 4157 943 4206 et
962 4159 1044 4207 om.l
1116 4153 1148 4205 21
1173 4155 1229 4203 tam
1248 4166 1302 4202 non

157 4247 215 4302 Ve¹
227 4248 237 4300 l
250 4244 287 4312 ἡ·
304 4246 357 4298 iarn
377 4263 429 4299 non
450 4251 502 4312 tc;
520 4249 612 4298 temen
631 4261 684 4297 non
704 4241 825 4312 ube²p;
844 4247 1010 4296 lamentam
1029 4257 1118 4295 nono
1190 4239 1225 4291 25
1244 4237 1300 4291 fieri

152 4337 242 4406 adque
266 4336 332 4402 Vc;
351 4351 401 4388 om.
417 4351 489 4403 ppo

182 4462 264 4502 XXXX
277 4460 335 4510 nug.
351 4471 421 4510 opera
435 4461 510 4501 Sestio
524 4459 543 4500 V
557 4469 609 4508 para
622 4458 641 4496 1.
1231 4433 1265 4486 39
