3164 4932
246 471 311 533 642
602 467 629 520 S.
657 465 813 521 Aurelii
840 467 1056 537 Augustini

247 715 250 724 .
334 663 337 670 ’
383 665 500 724 Scilicet
522 665 693 725 inmemores
717 683 825 740 supera
847 669 880 724 ut
902 683 1032 725 condere
1054 667 1183 727 reuisant

383 755 493 814 Rursus
517 758 546 814 et
568 755 711 828 incipiant
733 755 763 814 in
788 771 909 829 corpora
930 756 1005 815 uelle
1028 756 1149 828 reuerti;

247 875 334 958 quod
362 874 523 960 Vergilius
556 893 592 940 ex
623 875 786 940 Platonico
820 875 968 959 dogmate
1000 875 1118 941 dixisse
1148 875 1307 942 laudatur.
1351 879 1405 942 lta

249 983 365 1066 quippe
395 981 514 1046 animae
538 983 720 1047 mortalium
744 999 801 1047 nen
824 981 855 1047 in
879 982 947 1047 suis
971 983 1156 1066 corporibus
1179 1001 1306 1066 semper
1328 1003 1405 1048 sese

248 1107 343 1172 posse
367 1087 537 1168 existimat,
561 1087 618 1153 sed
640 1088 753 1154 mortis
777 1087 970 1154 necessitate
993 1087 1140 1166 dissolui,
1163 1107 1221 1153 nec
1246 1089 1313 1154 sine
1333 1109 1403 1156 cor·
1441 1113 1455 1152 e

248 1194 379 1278 peribus
416 1194 528 1259 durare
564 1197 726 1277 perpet-uo,
766 1195 822 1260 sed
854 1195 1082 1261 alternantibus
1119 1194 1246 1260 uicibus
1281 1195 1401 1260 indesi-

249 1306 359 1368 nenter
381 1299 475 1366 uiuos
499 1319 535 1365 er
559 1302 693 1366 mortuis
717 1305 748 1366 et
773 1321 809 1366 ex
832 1302 919 1370 uiuis
942 1307 1084 1366 mortuos
1108 1301 1176 1366 lieri
1194 1304 1300 1385 putat;
1323 1305 1402 1367 uta

249 1407 364 1475 ceteris
391 1407 573 1474 hominibus
595 1408 656 1473 hoc
680 1407 849 1474 uideantur
872 1407 995 1474 differre
1020 1409 1189 1491 sapientes,
1214 1409 1300 1492 quod
1323 1413 1404 1492 poet

250 1520 383 1584 mortem
413 1514 557 1579 feruntur
580 1515 620 1580 ad
644 1515 757 1593 sidere,
781 1517 818 1580 ut
841 1515 1002 1600 aliquanto
1027 1515 1148 1580 diutine
1171 1516 1203 1579 iu
1226 1518 1312 1581 astro
1336 1515 1403 1579 sibi

250 1640 390 1705 congruo
423 1621 558 1704 quisque
586 1621 766 1703 requiescat
793 1621 896 1703 adque
923 1622 995 1687 iude
1022 1641 1133 1687 rursus
1162 1622 1309 1687 miseriae
1337 1623 1455 1706 pri-10

251 1728 353 1793 stiuae
378 1726 496 1793 oblitus
521 1732 554 1792 et
577 1727 752 1810 cupiditate
776 1728 912 1793 habendi
936 1729 1075 1812 corporis
1099 1729 1207 1794 uictus
1229 1729 1338 1794 redeat
1361 1729 1403 1794 ud

250 1835 375 1901 labores
403 1852 631 1918 aerumnasque
659 1834 857 1910 mortalium
886 1835 934 1900 illi
957 1855 1045 1914 uero,
1071 1836 1125 1918 qui
1149 1837 1282 1901 stultam
1306 1836 1404 1899 dure-

251 1941 448 2019 nutritam,
473 1941 512 2006 nd
537 1959 668 2023 corpore
692 1942 758 2006 suis
782 1942 905 2006 meritis
929 1941 1036 2006 debita
1058 1943 1128 2007 siue
1146 1942 1310 2007 homiuum
1330 1941 1405 2006 siue

251 2044 424 2114 bestiarum
454 2047 491 2112 de
519 2047 659 2130 proximo
689 2048 903 2116 reuoluantur.
944 2049 981 2113 ln
1008 2048 1067 2112 hec
1095 2048 1202 2131 itaque
1231 2047 1406 2112 durissima

252 2151 434 2220 condicione
473 2153 642 2219 constituit
678 2155 772 2234 etiam
811 2155 909 2220 bonae
943 2154 1045 2237 adque
1078 2155 1236 2236 sepientes
1269 2155 1405 2234 animas,
1431 2181 1459 2218 re

253 2261 369 2344 quibus
398 2279 459 2326 non
482 2261 560 2324 talia
583 2279 712 2344 corpora
736 2261 907 2326 distributa
930 2265 1014 2338 eunt,
1040 2281 1111 2325 cum
1137 2260 1253 2342 quibus
1276 2279 1406 2343 semper

252 2367 354 2450 adque
377 2367 587 2432 inmortaliter
609 2367 764 2446 uiuerent,
788 2370 824 2432 ut
847 2387 949 2450 neque
968 2367 998 2431 iu
1018 2367 1201 2450 corporibus
1219 2385 1406 2449 permanere

252 2493 354 2558 neque
388 2473 453 2538 sine
487 2473 536 2538 his
565 2474 688 2558 possint
716 2474 748 2538 iu
778 2478 904 2539 aeterna
931 2473 1069 2556 puritate
1098 2475 1220 2538 durare.
1263 2473 1309 2538 De
1337 2493 1404 2556 quo

252 2581 416 2648 Platonico
437 2580 584 2664 dogmate
603 2580 666 2644 iam
685 2579 822 2645 inlibris
839 2580 1054 2663 superioribus
1070 2577 1204 2644 diximus
1221 2579 1404 2646 Christiano

252 2689 388 2770 tempori
413 2687 577 2752 erubuisse
595 2688 807 2772 Porphyrium
831 2690 863 2753 et
886 2706 947 2752 nou
971 2689 1076 2753 colum
1095 2688 1133 2752 ab
1158 2687 1272 2752 animis
1291 2687 1405 2751 huma·
1428 2713 1457 2750 ρο

250 2795 301 2880 nis
338 2794 512 2859 remouisee
550 2813 681 2878 corpore
717 2795 902 2872 bestiarum,
935 2813 1047 2858 uerum
1080 2793 1176 2858 etiam
1208 2793 1403 2876 sapientium

253 2899 373 2966 animas
402 2902 448 2966 ita
476 2901 619 2966 uoluisse
647 2901 686 2966 de
716 2901 874 2984 corporeis
902 2901 1035 2965 neribus
1063 2900 1201 2978 liberari,
1225 2904 1262 2963 ut
1286 2919 1404 2984 corpus

251 3025 345 3090 ¹omne
373 3007 531 3091 fugientes
560 3009 670 3072 beatae
698 3012 777 3091 aput
798 3008 924 3074 Patrem
949 3008 1016 3072 sine
1042 3007 1102 3072 fine
1126 2997 1302 3072 teneantur.
1340 3007 1404 3071 ltu-

251 3133 314 3197 que
351 3133 390 3180 ne
423 3134 441 3178 a
474 3113 598 3180 Christo
637 3115 722 3179 uinci
754 3115 917 3180 uideretur
948 3114 1050 3179 uitem
1082 3114 1200 3178 sanctis
1233 3114 1405 3196 pollicente

253 3224 449 3304 perpetuam,
473 3222 567 3285 ctiam
595 3220 664 3302 ipse
693 3225 843 3305 purgatae
868 3221 988 3286 animae
1013 3221 1080 3285 sine
1105 3221 1171 3285 ullo
1196 3218 1234 3283 ad
1259 3217 1406 3288 miserias
1430 3249 1459 3288 se

250 3313 403 3410 pristinas
434 3326 537 3391 reditu
566 3327 597 3389 iu
628 3329 753 3390 aeterua
777 3326 929 3392 felicitate
954 3326 1133 3400 constituit3
1163 3328 1195 3390 et
1218 3328 1256 3390 ut
1280 3323 1410 3390 Christo

254 3432 486 3512 aduersaretur‚
511 3433 771 3498 resurrectionem
792 3431 1081 3515 incorruptibilium
1101 3451 1268 3514 corporum
1287 3451 1411 3514 negans

255 3557 315 3602 uon
349 3541 452 3604 solum
488 3539 555 3604 sine
588 3540 729 3619 terrenis,
764 3539 821 3604 sed
854 3539 920 3604 siue
953 3539 1029 3604 ullis
1063 3539 1188 3603 omuino
1223 3537 1411 3619 corporibus

256 3663 309 3709 eae
338 3644 480 3711 adseruit
507 3646 537 3710 in
567 3646 794 3730 sempiternum
823 3665 893 3712 esse
922 3647 1073 3712 uicturus.
1115 3645 1183 3710 Nec
1210 3649 1316 3710 tamen
1345 3643 1412 3710 ista

255 3752 480 3835 qualicumque
509 3753 654 3836 opinione
682 3753 843 3836 praecepit
866 3753 977 3819 saltem
1002 3773 1041 3818 ue
1065 3752 1113 3818 dis
1138 3751 1311 3835 corporatis
1333 3749 1408 3815 reli·
1425 3782 1454 3822 ω

347 3943 358 3994 l
376 3941 457 4010 Verg.
472 3943 537 3996 Aen.
553 3941 599 4004 Vl,
615 3942 666 3995 7-50
682 3958 722 4011 sq.
780 3944 813 3996 13
829 3941 944 3997 Phaedr.
958 3960 984 4011 p.
1000 3942 1061 4004 247,
1075 3941 1105 3996 Ε.
1120 3957 1180 4010 sqq.
1235 3942 1269 3997 19
1284 3941 1317 3996 li.
1332 3959 1356 3998 c.
1372 3943 1410 3996 30

292 4073 308 4125 2
327 4072 367 4142 in]
387 4072 421 4128 ad
441 4091 458 4126 u
549 4077 565 4128 5
585 4091 663 4143 posse
684 4091 734 4128 om.
756 4075 765 4127 l
856 4077 871 4129 9
890 4074 1015 4129 feruutur
1031 4089 1108 4140 mss.,·
1130 4073 1252 4127 ferantur
1269 4089 1285 4127 c
1304 4073 1411 4130 Domo.

258 4161 291 4215 15
310 4163 531 4231 coustituituep.
553 4163 600 4217 ltu.
627 4164 652 4216 V
715 4164 746 4217 17
767 4163 854 4234 adque
873 4162 974 4220 om.V
1038 4163 1070 4217 18
1089 4165 1201 4233 poscent
1224 4161 1258 4216 1⁷¹
1325 4163 1360 4217 le
1381 4164 1411 4218 in

255 4250 433 4320 sup.libriel
486 4251 520 4308 20
539 4251 656 4320 tempori
673 4252 972 4322 qutemporerfflc
1042 4251 1115 4305 hum.
1132 4251 1241 4308 enimc
1296 4251 1331 4306 22
1349 4269 1410 4306 eor·

257 4365 367 4434 peritus
391 4365 426 4420 V¹
481 4367 515 4420 24
535 4366 673 4421 uideretur
692 4333 768 4436 qull
824 4369 858 4422 27
877 4371 1079 4423 auersereture
1133 4367 1167 4423 30
1186 4365 1308 4421 saltiml
