3108 4926
301 449 365 512 320
641 447 667 500 S.
696 445 854 499 Aurelii
882 445 1105 516 Augustini

296 641 447 724 pecuniae
475 641 697 725 possidentur?
737 640 798 706 Sed
822 642 971 707 nimirum
995 643 1056 708 hoe
1080 645 1214 708 auaritia
1236 644 1307 708 Ioui
1331 662 1445 708 nomeu

295 748 446 830 inposuit,
472 751 517 825 ut,
543 749 688 831 quisquis
718 751 804 813 amat
831 750 1009 832 pecuniam,
1037 771 1099 815 nou
1132 751 1308 832 quemlibet
1340 751 1443 827 deum,

298 856 353 920 secl
377 856 482 939 ipsum
505 875 614 940 regem
638 856 779 919 omnium
804 855 865 920 sibi
890 874 994 920 amare
1018 857 1174 922 uideatur.
1207 856 1315 940 Longe
1339 860 1444 921 autem

298 963 384 1027 aliud
408 952 503 1042 esset,
524 963 551 1026 si
576 961 707 1026 diuitiae
730 967 909 1027 uocaretur.
933 963 1029 1027 Aliud
1053 983 1189 1046 namque
1209 967 1285 1028 sunt
1303 962 1444 1040 diuitiae,

297 1071 384 1134 eliud
411 1069 554 1152 pecunia.
591 1069 673 1133 Nam
698 1068 833 1132 dicimus
858 1069 976 1134 diuites
1001 1070 1172 1153 sapientes,
1195 1069 1310 1148 iustos,
1334 1070 1443 1144 bonos,
1471 1093 1481 1132 s
1533 1115 1534 1162 3

298 1178 414 1260 quibus
442 1176 576 1260 pecunia
603 1175 656 1239 uel
684 1176 772 1239 nulla
806 1177 858 1241 uel
890 1196 989 1258 parua
1021 1180 1085 1252 est3
1119 1177 1222 1260 magis
1256 1177 1338 1241 enim
1373 1179 1446 1240 sunt

297 1282 473 1347 uirtutibus
502 1281 630 1358 diuites,
660 1300 715 1362 per
743 1299 821 1362 quas
851 1282 896 1345 eis
929 1283 1025 1346 etiam
1057 1284 1090 1345 in
1121 1281 1201 1365 ipsis
1235 1282 1444 1365 corporalium
1533 1269 1534 1290 ³

297 1408 403 1455 rerum
421 1387 667 1453 necessitatibus
688 1391 738 1452 sat
757 1388 909 1470 estquod
929 1389 1033 1454 adest:
1053 1408 1208 1472 pauperes
1227 1408 1303 1453 uero
1323 1408 1444 1466 soemo,

298 1515 423 1578 semper
444 1495 602 1560 inhiantes
627 1497 658 1558 et
682 1497 825 1579 egentem
851 1495 1026 1578 quemlibet
1045 1496 1126 1560 enim
1147 1515 1277 1580 magnas
1296 1495 1444 1579 pecunias

297 1601 412 1666 habere
440 1605 586 1685 possunt,
611 1600 667 1665 sed
694 1602 725 1665 in
755 1619 863 1666 earum
892 1605 1148 1684 quantacumque
1172 1601 1363 1665 abundantia
1386 1619 1443 1663 non
1462 1625 1481 1664 a

298 1727 390 1791 egere
423 1728 483 1773 non
516 1710 660 1790 possunt.
703 1707 744 1772 Et
772 1709 875 1772 Deum
908 1709 1014 1792 ipsum
1047 1727 1160 1772 uerum
1191 1711 1277 1772 recte
1309 1707 1443 1772 dioimus

299 1813 442 1892 diuitem,
456 1833 516 1878 non
536 1817 641 1878 tamen
661 1813 805 1896 pecunie,
825 1811 881 1878 sed
901 1813 1138 1895 omnipotentia.
1161 1813 1322 1878 Dicuntur
1337 1813 1443 1894 itaque

299 1926 331 1987 et
354 1920 470 1984 diuites
494 1919 674 2003 pecuniosi3
700 1919 755 1983 sed
773 1919 907 1984 interius
928 1920 1029 2002 egeni,
1050 1920 1079 1984 si
1097 1919 1217 2003 cupidi:
1241 1920 1321 1984 item
1340 1919 1443 1984 dicun-

298 2031 351 2092 tur
364 2045 519 2109 pauperes
533 2025 666 2110 peounia
681 2029 841 2100 earentes;
862 2025 918 2090 sed
932 2026 1066 2090 interius
1086 2025 1213 2104 diuites,
1229 2026 1257 2090 si
1277 2026 1442 2110 sapientes.

300 2133 411 2213 Qualis
436 2153 510 2218 ergo
534 2134 598 2198 ista
619 2133 783 2216 theologia
802 2132 896 2198 debet
915 2151 985 2196 esse
1006 2132 1150 2214 sepienti,
1170 2133 1226 2198 ubi
1244 2153 1296 2198 reu
1316 2133 1479 2198 deorumn

300 2242 368 2306 eius
400 2241 445 2304 rei
481 2259 594 2305 nomen
632 2240 765 2322 accepit,
799 2242 902 2323 ‘quam
940 2259 1031 2304 nemo
1070 2240 1195 2322 sapiens
1233 2239 1442 2324 concupiuit'?

300 2345 423 2426 Quanto
452 2347 534 2412 enirn
562 2345 698 2425 facilius,
723 2347 750 2411 si
778 2346 899 2429 aliquid
926 2346 985 2411 hee
1010 2345 1152 2411 doctrina
1175 2347 1259 2429 quod
1283 2347 1322 2412 ad
1346 2347 1442 2411 uitam

298 2454 470 2539 pertineret
497 2456 655 2518 aeternam
685 2453 855 2518 salubriter
881 2453 1066 2534 disceretur,
1096 2453 1175 2518 deus
1204 2454 1312 2518 mundi
1344 2457 1442 2518 rector

298 2581 359 2626 non
397 2560 434 2625 ab
474 2559 519 2624 eis
551 2559 699 2636 Pecunia,
732 2560 789 2624 sed
821 2559 982 2644 Sapientia
1018 2563 1195 2638 uocaretur,
1229 2561 1321 2625 ouius
1359 2577 1441 2626 amor

298 2669 415 2752 purget
437 2685 454 2730 a
479 2665 625 2731 sordibus
649 2667 811 2743 auaritiae,
835 2666 895 2731 hoc
920 2669 970 2732 est
992 2666 1031 2731 ab
1055 2686 1161 2732 amore
1184 2667 1351 2750 pecuniae!
1456 2693 1477 2731 a

750 2875 887 2942 CAPUT
909 2877 995 2942 XIII.

301 3019 421 3101 Quod,
456 3019 545 3084 dum
578 3020 795 3102 exponitur
832 3019 927 3102 quid
962 3019 1165 3084 Saturnus
1204 3018 1354 3102 quidue
1391 3018 1440 3084 sit
1533 3057 1534 3102 p

350 3125 512 3203 Genius,
537 3127 707 3208 uterque
730 3145 833 3190 unus
857 3125 1046 3210 Iuppiter
1069 3144 1160 3190 esse
1186 3125 1390 3191 (loeeatur.
1488 3173 1492 3180 .

1533 3221 1534 3252 l

345 3269 405 3334 Sed
434 3267 510 3352 quid
538 3267 576 3332 de
600 3268 660 3332 hoo
683 3269 760 3332 Ioue
784 3268 884 3350 plura,
909 3267 948 3331 ad
972 3287 1065 3350 quem
1089 3267 1225 3332 fortasse
1249 3269 1346 3332 ceteri
1366 3267 1440 3330 rele-
1533 3265 1534 3342 l

299 3376 386 3439 rendi
406 3379 531 3452 suntu
533 3374 666 3440 liranis
685 3377 846 3438 remaneat
832 3374 995 3438 tdeorum
1014 3373 1119 3456 opinio
1138 3373 1439 3456 plurimorum‚oum
1455 3391 1476 3434 a

298 3482 386 3546 hio
377 3501 446 3564 1pse
475 3481 538 3546 sint
566 3500 686 3555 omnes,
711 3481 779 3546 siue
808 3481 931 3564 quando
960 3485 1065 3562 partes
1095 3481 1164 3544 eius
1192 3481 1247 3544 uel
1269 3501 1309 3564 po
1312 3483 1439 3545 testatos

300 3587 527 3664 existimantur,
553 3586 621 3650 siue
650 3605 722 3650 oum
751 3586 801 3651 uis
831 3587 963 3664 animae,
988 3605 1082 3670 quam
1111 3589 1227 3669 putant
1254 3589 1440 3669 peronneto

390 3829 422 3883 16
442 3828 507 3884 Sall.
527 3827 586 3885 cat.
608 3830 639 3883 ll

334 3971 442 4024 4esset
461 3969 568 4024 allude
648 3970 734 4024 sintt
806 3970 1017 4039 6peouniaeC
1090 3985 1175 4039 praua
1195 3969 1215 4022 1¹
1288 3967 1440 4034 asatislq

299 4058 445 4128 aeneio
508 4060 538 4112 11
559 4077 613 4113 non
632 4063 754 4128 possunt
774 4075 827 4112 non
846 4076 906 4129 erup
927 4059 1015 4126 land
1083 4059 1115 4113 13
1136 4061 1232 4112 stom
1252 4057 1277 4112 οἳ
1335 4059 1365 4112 18
1382 4073 1439 4128 per
1533 4081 1534 4128 p

297 4176 355 4228 tine
395 4174 419 4228 0
489 4176 523 4229 23
543 4175 683 4244 Genius]'
675 4191 753 4229 renus
769 4193 791 4244 p
877 4175 1024 4245 doceturp
1097 4175 1131 4229 25
1151 4173 1275 4228 uanis&
1352 4171 1436 4244 opinio
1533 4199 1534 4222 r

298 4264 473 4332 plurimorum
492 4281 551 4332 sap.
573 4265 621 4318 lia
644 4265 667 4318 0
732 4266 844 4335 26'1pse
864 4263 1238 4333 sinta¹bdelulf1ps1
1256 4265 1313 4317 sunt
1335 4263 1437 4333 tuipse

299 4353 336 4406 sit
357 4351 464 4422 a²pqo
