3164 4932
392 479 443 533 De
472 477 646 534 oluitete
676 479 737 533 dei
765 479 829 536 lib.
857 479 932 537 XIII.
963 498 1039 551 cap.
1059 483 1101 536 24.
1252 485 1317 550 655

169 677 213 740 sil
234 675 445 742 homounus.
471 673 533 740 Sed
550 674 799 759 intellegendum
826 679 884 754 est,
905 677 1080 742 secundum
1100 677 1176 760 quid
1196 677 1320 742 dicetur

168 781 266 846 horno
288 780 327 846 ed
350 779 522 865 imaginem
541 780 600 845 Dei
625 781 658 846 et
680 781 774 846 homo
794 784 878 846 terra
896 781 999 865 adque
1017 781 1121 846 iturus
1139 783 1318 847 interram.

168 888 252 954 Illud
289 887 373 953 enim
410 887 585 952 secundum
622 887 759 952 animem
798 888 983 953 rationalem
1028 889 1154 966 dicitur,
1192 888 1318 971 qualem

168 995 256 1060 Dens
288 994 478 1060 insufflando
511 993 575 1074 uel,
591 1047 593 1052 ,
609 995 636 1060 si
669 995 867 1059 commodius
900 994 1026 1072 dieitur,
1060 995 1240 1077 inspirando
1273 997 1318 1060 in·

136 1101 251 1165 edidit
282 1101 414 1179 homini,
442 1101 475 1166 id
504 1104 554 1165 est
580 1101 718 1166 homInis
748 1102 886 1184 eorpori3
918 1101 978 1168 hoc
1008 1105 1114 1167 autem
1143 1102 1317 1167 seeundum

169 1226 294 1291 corpus,
326 1207 452 1290 qualem
484 1205 645 1273 hominem
678 1207 766 1272 Deus
798 1207 888 1272 finxit
919 1227 954 1272 ex
987 1209 1128 1291 puluere,
1161 1209 1213 1273 cui
1246 1209 1319 1273 data

169 1319 219 1378 est
246 1314 359 1391 anima,
388 1315 425 1376 ut
453 1312 542 1378 lieret
568 1331 683 1395 corpus
708 1311 852 1391 anmals,
876 1313 910 1378 id
933 1317 983 1379 eet
1006 1315 1101 1380 horno
1125 1314 1155 1379 in
1181 1315 1316 1380 animem

168 1419 343 1485 uiuentem.
407 1419 410 1426 ’

214 1524 412 1610 Quapropter
439 1525 470 1590 in
499 1543 547 1601 eo,
577 1526 661 1608 quod
689 1525 846 1592 Dominus
874 1527 960 1604 fecit,
990 1527 1113 1610 quando
1141 1527 1319 1593 insufflanit

122 1655 151 1692 ro
169 1633 291 1698 dicens:
319 1631 510 1716 Accipite
539 1632 739 1716 Spiritum
772 1636 966 1712 sunctum,
998 1633 1147 1699 nimirum
1180 1634 1240 1699 hoc
1272 1635 1317 1700 in-

168 1739 278 1824 tellegi
306 1739 421 1817 uoluit,
450 1739 535 1822 quod
563 1738 701 1823 Spiritus
730 1743 860 1805 sanctus
889 1759 950 1805 non
979 1743 1104 1805 tentum
1133 1741 1176 1805 sit
1202 1741 1317 1819 Petris,

169 1865 279 1911 uerum
304 1847 400 1911 etiam
423 1847 526 1930 ipsius
550 1845 713 1931 Unigeniti
737 1845 885 1930 Spiritus.
922 1845 1012 1912 Idem
1035 1848 1105 1932 ipso
1129 1852 1179 1913 est
1201 1849 1318 1932 quippe

163 1952 308 2034 Spiu'tus
320 1956 365 2017 et
382 1952 486 2016 Patris
512 1956 544 2016 et
562 1951 647 2029 Filii,
667 1971 740 2016 cum
761 1972 822 2035 quo
842 1956 892 2017 est
909 1954 1034 2018 trinitus
1053 1954 1148 2018 Peter
1166 1957 1198 2020 et
1215 1953 1317 2018 Filius

170 2062 202 2124 et
225 2058 363 2142 Spiritus
392 2061 533 2137 sanetus,
561 2077 622 2123 non
652 2062 804 2136 creature,
828 2059 885 2123 sed
914 2059 1051 2126 Creator.
1093 2059 1205 2142 Neque
1233 2061 1316 2124 enim

126 2185 151 2224 ιο
171 2166 265 2230 flotus
293 2167 348 2230 ille
378 2183 546 2249 corporeus
575 2164 613 2229 de
642 2165 744 2230 earnis
773 2185 825 2230 ore
848 2164 1022 2246 procedens
1047 2167 1228 2232 substantia
1251 2174 1318 2232 erat

171 2271 308 2354 Spiritus
338 2273 440 2336 sancti
468 2271 570 2354 adque
599 2273 720 2348 natura,
750 2270 806 2336 sed
829 2271 936 2355 potius
960 2272 1162 2357 significatio,
1188 2293 1250 2355 qne
1272 2274 1317 2337 in-

169 2380 405 2464 tellegeremus,
434 2377 471 2443 ut
499 2377 572 2457 dixi,
602 2377 756 2460 Spiritum
785 2382 930 2443 sanctum
959 2378 1046 2442 Patri
1075 2397 1144 2444 esse
1172 2379 1317 2463 Filioque

170 2505 380 2563 communem,
405 2485 565 2567 quianon
589 2487 665 2548 sunt
688 2484 733 2550 eis
758 2483 892 2568 singulis
917 2485 1047 2569 singuli,
1067 2486 1124 2549 sed
1145 2503 1229 2551 unus
1254 2505 1317 2552 am-

169 2594 283 2657 borum
310 2595 369 2658 est.
413 2591 544 2674 Semper
571 2595 677 2656 autem
705 2590 767 2655 iste
791 2591 929 2674 Spiritus
952 2592 983 2656 in
1009 2593 1174 2676 seripturis
1199 2595 1316 2658 sanctis

122 2718 151 2758 2⁰
171 2699 291 2765 Graeco
319 2697 476 2764 uocabulo
499 2705 616 2781 πνεῦμα
640 2697 765 2776 dicitnr,
791 2697 875 2762 sicut
898 2717 970 2762 eum
995 2703 1027 2764 et
1050 2699 1203 2765 hocloco
1226 2699 1317 2764 Iesus

165 2805 353 2888 appellauit,
388 2803 512 2888 quando
544 2823 618 2870 enm
650 2805 820 2888 corporalis
853 2805 904 2870 sui
937 2806 1000 2871 oris
1026 2806 1107 2870 fietu
1135 2806 1317 2890 significans

170 2911 337 2995 discipulis
380 2911 479 2988 dedit3
527 2914 560 2975 et
600 2910 679 2976 locis
719 2910 865 2976 omnibus
903 2910 1083 2976 diuinorum
1120 2912 1317 2993 eloquiorum

167 3037 231 3083 non
258 3017 345 3082 mihi·
366 3018 459 3084 aliter
480 3037 633 3100 umquam
656 3025 859 3098 nuncupatus
883 3017 1029 3082 occurrit.
1066 3017 1129 3082 Hic
1151 3037 1238 3094 uero,
1262 3018 1318 3083 ubi

169 3125 302 3208 legitur:
319 3125 375 3188 :Et
402 3124 526 3188 finxit
548 3123 655 3188 Deus
683 3123 884 3188 hominem
907 3125 1117 3206 puluerem
1142 3124 1186 3189 de
1209 3127 1318 3190 terre

122 3257 150 3296 os
171 3235 211 3295 et
233 3231 479 3296 insufflanit
503 3231 572 3296 sine
595 3229 823 3314 inspirauit
846 3230 885 3294 in
913 3230 1059 3294 faciem
1089 3231 1177 3296 eins
1202 3232 1317 3313 spiri·

170 3341 252 3402 tum
277 3338 399 3414 niteo,
424 3357 485 3402 non
510 3337 555 3402 alt
574 3335 715 3402 Graecus
733 3345 860 3420 πνεῦμα,
881 3335 966 3420 qnod
990 3336 1073 3401 solet
1098 3336 1160 3401 dici
1180 3337 1317 3419 Spiritus

171 3445 311 3518 sanctus,
337 3443 392 3508 sed
415 3445 518 3528 πνοήν,
543 3443 628 3526 quod
650 3462 764 3509 nomen
787 3443 820 3507 in
844 3447 986 3507 creature
1008 3463 1102 3525 quom
1121 3444 1153 3508 in
1173 3443 1318 3509 Creatore

169 3549 366 3631 frequentius
394 3550 526 3633 legitur;
556 3551 638 3615 unde
667 3550 812 3615 nonnulli
835 3550 930 3616 etiem
953 3549 1058 3614 Latini
1081 3554 1211 3634 propter
1233 3550 1316 3615 diffe-

170 3657 302 3720 rentiam
336 3655 396 3748 hnc
430 3656 623 3722 uocabulum
656 3675 716 3721 non
750 3656 908 3740 spiritum,
938 3656 993 3721 sed
1021 3656 1132 3722 flatum
1160 3658 1317 3741 appellare

208 3908 308 3978 laist,
327 3924 346 3962 n
365 3924 445 3974 crea,
469 3908 495 3962 V
583 3908 685 3979 qnodl
758 3910 792 3963 10
820 3911 941 3963 sanctum
962 3925 1047 3964 ome
1120 3911 1153 3963 12
1176 3909 1317 3979 Unigeniti

170 3995 290 4066 ipsinso
361 3995 522 4066 idemqueb
596 3998 654 4068 ipse
676 4001 718 4052 est
736 3999 839 4069 belm
858 4001 900 4051 est
919 4014 970 4052 om.
995 3997 1134 4055 VDumb.
1210 3999 1242 4053 13
1262 3999 1317 4069 spi·

170 4111 239 4164 ritns
260 4115 301 4166 est
321 4127 364 4166 av
445 4115 477 4166 nt
494 4113 589 4182 patris,
607 4119 678 4168 recte
689 4114 859 4182 sonnseep
931 4079 973 4176 eis
997 4113 1023 4167 V
1094 4115 1126 4168 16
1145 4117 1269 4168 naturam
1293 4113 1320 4167 V

170 4199 284 4269 quaml
327 4241 329 4246 .
373 4201 408 4255 20
437 4204 465 4254 et
487 4200 538 4254 hoc
560 4205 589 4254 et
612 4201 665 4256 alio
686 4219 705 4256 a
811 4203 883 4256 iesus
907 4201 1078 4270 Velpnf;
1104 4200 1227 4256 domiuus
1248 4202 1317 4256 abo

169 4288 206 4341 22
225 4288 290 4342 dise.
311 4290 395 4344 snisv
449 4291 483 4344 23
502 4305 640 4359 uunquam,
659 4307 704 4345 nm
718 4290 842 4355 erae.‚V
895 4292 930 4346 24
949 4291 982 4346 de
1000 4291 1183 4361 pulueremV
1235 4292 1270 4344 25
1290 4297 1318 4346 et

171 4377 279 4432 ouillo
334 4379 367 4432 27
388 4377 436 4434 sed
455 4395 506 4434 om.
527 4379 549 4434 1¹
