3072 4928
364 430 414 482 De
442 428 615 482 ciuitate
639 427 701 482 dei
725 427 792 482 lib.
820 427 858 482 11.
885 445 960 498 cap.
982 428 1023 483 10.
1045 429 1087 483 11.
1257 429 1299 494 73

616 624 752 690 CAPUT
775 625 831 690 XI.

140 766 202 831 De
241 766 446 832 scaenicis
484 770 582 850 aput
619 764 798 832 Graecos
842 765 881 831 in
918 765 974 830 rei
1014 761 1207 848 publicae
1240 757 1323 826 ad·¹

142 871 503 937 ministrationem
527 871 719 954 receptis,
745 890 788 936 eo
818 870 922 955 quod
948 872 1184 954 placatores
1214 868 1300 933 deo·

260 997 345 1043 rum
368 979 526 1044 iniuste
552 978 595 1043 ab
619 977 853 1042 hominibus
877 977 1180 1060 spernerentur.

106 1143 123 1182 a
192 1118 243 1184 Ad
279 1118 358 1184 hauc
396 1119 645 1185 conuenientiam
688 1119 835 1203 pertinet,
875 1118 960 1202 quod
1001 1117 1096 1182 etiam
1138 1115 1299 1181 scaenicos

142 1229 272 1291 actores
297 1225 465 1290 earundem
490 1225 667 1291 fabularum
692 1246 753 1290 non
772 1244 870 1310 pomo
890 1224 1032 1290 ciuitatis
1050 1225 1167 1289 honore
1186 1222 1298 1307 dignos

144 1332 381 1412 existimarunt,
411 1333 439 1398 si
468 1331 604 1415 quidem,
635 1332 719 1415 qrrod
747 1333 779 1397 in
808 1350 844 1397 eo
878 1351 1003 1416 quoqne
1037 1329 1074 1396 de
1106 1349 1139 1394 re
1171 1330 1299 1413 publica

141 1439 229 1503 libro
263 1444 537 1518 commemoratur,
570 1439 745 1504 Aeschines
778 1439 992 1517 Atheniensis,
1025 1437 1075 1502 uir
1108 1435 1299 1520 eloquentis-

142 1547 358 1622 almannum
387 1545 580 1610 adulescens.
600 1545 780 1630 tragoedias
809 1545 1018 1622 actitauisset,
1042 1563 1108 1609 rem
1135 1542 1297 1627 publicam

89 1681 121 1718 ro
141 1651 323 1734 capessiuit
351 1655 383 1717 et
409 1651 658 1730 Aristodemum,
686 1651 844 1736 tragicum
871 1652 948 1716 item
977 1654 1125 1728 actorem,
1153 1650 1298 1715 maximis

141 1759 186 1824 de
214 1759 308 1823 rebus
336 1758 424 1842 pacis
457 1777 493 1822 ae
525 1757 602 1822 belli
634 1759 776 1843 legatum
810 1758 850 1823 ad
876 1757 1060 1840 Philippum
1088 1757 1297 1822 Athenienses

142 1885 244 1948 saepe
267 1865 432 1930 miserunt.
455 1863 527 1930 Nou
553 1864 636 1930 enim
660 1869 904 1930 consentaneum
928 1863 1109 1947 putabatur,
1134 1882 1206 1928 cum
1231 1883 1297 1928 eas-

140 1971 220 2036 dem
246 1975 327 2037 artes
352 1970 542 2053 eosdemque
567 1972 728 2036 scaenicos
751 1971 844 2036 ludos
869 1969 965 2036 etiam
985 1971 1033 2035 dis
1058 1969 1126 2035 suis
1150 1973 1297 2052 acceptos

140 2078 302 2157 uiderent,
325 2080 410 2156 illos,
434 2097 491 2162 per
518 2097 597 2160 quos
622 2081 798 2162 agerentur,
823 2077 987 2142 infamium
1011 2077 1081 2142 loco
1107 2095 1295 2142 annumero

87 2205 117 2245 rs
140 2185 309 2266 deputare.
350 2184 437 2249 Haeo
467 2183 579 2250 Graeci
612 2185 747 2268 turpiter
779 2184 918 2268 quidem,
948 2185 1003 2250 sed
1039 2203 1112 2250 saue
1146 2183 1194 2248 dis
1228 2183 1296 2249 suis

140 2289 274 2356 omnino
299 2295 517 2375 congruenter,
537 2292 591 2374 qui
614 2309 671 2355 nec
695 2292 794 2355 uitam
820 2291 939 2355 ciuium
962 2289 1160 2356 lacerandam
1177 2289 1296 2374 linguis

136 2401 311 2480 poetarum
326 2400 358 2461 et
372 2395 561 2462 histrionum
576 2397 762 2490 subtrahere
776 2397 846 2462 ausi
862 2401 946 2476 suut,
962 2397 1108 2481 aquibus
1128 2396 1297 2462 cernebant

138 2503 278 2568 deornm
301 2503 400 2568 uitam
426 2503 545 2568 eisdem
568 2503 648 2586 ipsis
678 2503 725 2568 dis
752 2504 935 2570 nolentibus
956 2507 987 2568 et
1004 2502 1179 2569 libentibus
1198 2503 1295 2588 carpi,

137 2613 177 2676 et
205 2609 293 2691 ipsos
321 2609 476 2688 homines,
500 2629 556 2693 per
582 2629 662 2692 quos
689 2609 754 2676 ista
781 2611 813 2674 in
840 2610 976 2676 theatris
1005 2611 1189 2696 agebantur,
1214 2629 1295 2692 quae

83 2745 113 2784 ιο
136 2716 330 2782 numinibus
359 2715 474 2799 quibus
504 2717 625 2782 subditi
655 2721 743 2782 eraut
770 2719 859 2802 grata
887 2735 956 2782 asse
985 2720 1209 2802 cognouerano,
1233 2735 1294 2782 nou

136 2823 250 2888 solum
278 2822 409 2888 minime
437 2822 629 2906 spernendos
657 2824 688 2888 in
717 2823 857 2902 ciuitate,
886 2843 998 2888 uerum
1032 2824 1128 2888 etiam
1160 2823 1294 2888 maxime

135 2928 344 2994 honorandos
366 2931 529 3011 putarunt.
553 2927 637 3008 Quid
661 2929 743 2993 enim
768 2947 882 2994 causae
900 2929 1034 3012 reperire
1054 2931 1194 3012 possent,
1214 2948 1296 3011 quur

137 3033 326 3100 sacerdotes
349 3035 547 3113 honorarent,
567 3035 643 3117 qnia
665 3055 721 3118 per
745 3055 799 3100 eos
824 3037 971 3102 uictimas
1003 3035 1052 3100 dis
1081 3035 1294 3120 acceptabiles

138 3139 330 3218 offerebant,
359 3144 392 3205 et
420 3140 582 3206 scaenicos
616 3142 784 3225 probrosos
816 3143 976 3219 haberent,
1005 3162 1060 3226 per
1093 3161 1173 3226 quos
1205 3141 1294 3208 illam

84 3280 114 3318 rs
136 3247 344 3330 uoluptatem
364 3248 433 3312 aine
453 3248 603 3314 honorem
630 3247 679 3314 dis
704 3249 841 3314 exhiberi
860 3250 1042 3332 petentibus
1062 3254 1104 3332 et,
1119 3249 1181 3314 uisi
1194 3249 1294 3326 lieret,

136 3354 355 3419 irascentibus
389 3373 497 3419 eornm
531 3355 744 3421 admonitione
778 3355 973 3421 didicerant?
1002 3375 1076 3421 cum
1107 3354 1294 3440 praesertim

136 3461 261 3538 Labeo,
289 3479 386 3542 quem
417 3461 551 3526 huiusce
583 3462 670 3527 nrodi
701 3481 806 3526 rerum
838 3463 1069 3545 peritissimum
1101 3461 1292 3545 praedicant,

136 3566 275 3632 numina
302 3568 384 3633 bona
407 3587 425 3634 a
447 3567 631 3634 numinibus
654 3569 748 3634 malis
771 3570 834 3635 ista
857 3570 953 3635 etiam
977 3569 1084 3635 cultus
1108 3569 1293 3634 diuersitate

233 3740 290 3794 8c.
312 3741 343 3796 11

179 3865 375 3919 iamministr.
398 3864 421 3918 0
459 3865 615 3935 5pertiuet
632 3866 706 3936 quod
725 3866 807 3920 etiam
827 3885 861 3922 m.
881 3884 931 3922 rec.
950 3869 983 3922 in
1000 3883 1086 3938 marg.
1109 3868 1133 3922 G
1171 3866 1292 3922 Saesci·

138 3971 190 4008 nes
210 3952 327 4008 LAOe
399 3954 608 4008 9actitabisaet
626 3955 685 4010 La
759 3956 792 4009 10
812 3960 992 4011 auctoremh
1063 3958 1096 4012 11
1119 3957 1240 4027 philypp.
1260 3953 1287 4008 L

137 4041 308 4115 phylipph
356 4043 388 4097 17
408 4042 548 4098 subtraere
569 4043 602 4096 θ’
648 4044 858 4102 201011111111
877 4045 957 4099 1111,η
1003 4047 1037 4100 22
1056 4048 1191 4116 repperire
1210 4043 1293 4099 Luc

140 4161 223 4229 quur]
242 4162 273 4212 ut
293 4175 311 4212 a
373 4159 406 4213 23
427 4157 607 4227 acceptauilee
626 4159 686 4214 LA
749 4161 783 4213 ‘24
802 4119 978 4230 procreasse
1032 4164 1066 4216 25
1086 4163 1144 4216 sine
1162 4161 1292 4216 honorem

140 4247 184 4302 dia
203 4246 558 4316 LAGabdepqlrfv;
583 4246 636 4302 diis
663 4248 716 4302 sihi
741 4247 869 4304 honorem
900 4251 927 4302 αιΙ
954 4251 1068 4319 Domb.,·
1093 4251 1145 4306 diis
1170 4251 1223 4306 sibi
1248 4251 1292 4305 uel

139 4337 203 4390 hon.
225 4335 255 4387 οιΙ
310 4337 345 4391 26
365 4335 594 4390 admonitionibus
615 4337 718 4392 didicei
740 4355 753 4392 e
808 4339 843 4392 28
862 4355 878 4392 a
898 4355 949 4396 om.
968 4339 1005 4394 L¹
