3136 4928
263 424 327 488 492
617 421 644 476 S.
673 423 828 476 Aurelii
855 421 1073 490 Augustini

262 617 348 679 tione
377 616 528 680 secreuit!
566 615 613 679 Τιι
643 619 750 679 autem
773 615 833 680 hoc
858 614 998 680 didicisti
1021 634 1082 680 non
1108 635 1126 682 a
1149 615 1290 692 Platona,
1316 615 1371 680 sed
1395 636 1416 680 a

263 721 430 787 Chaldaeis
454 722 618 806 magistris
642 723 717 800 tuis,
742 727 779 786 ut
803 723 833 786 in
858 722 1013 787 aetherias
1036 723 1090 787 uel
1114 742 1279 806 empyreas
1302 722 1416 788 mundi

163 832 165 836 ’
263 829 477 894 sublimitates
508 832 540 892 et
566 827 764 893 firmamenta
792 829 942 894 caelestia
970 829 1135 894 extolleres
1160 829 1241 894 uitia
1263 830 1415 908 humana,

262 939 300 1000 ut
321 939 451 1018 possent
475 934 507 998 di
530 935 630 1000 uestri
649 935 793 1018 theurgis
816 935 1017 1017 pronuntiare
1041 935 1164 1010 diuina;
1190 935 1307 1016 quihus
1333 935 1416 1000 diui-

262 1043 311 1106 nis
338 1047 371 1106 te
399 1045 506 1105 tamen
535 1061 590 1123 per
611 1040 860 1106 intellectualem
886 1042 986 1106 uitam
1009 1041 1088 1106 facis
1113 1041 1269 1118 altiorem,
1293 1045 1331 1105 ut
1353 1041 1417 1106 tibi
1449 1070 1464 1108 ι
1564 1093 1565 1104 ,

262 1149 414 1213 uidelicet
423 1151 585 1232 tamquam
595 1147 785 1230 philosopho
797 1148 981 1233 theurgicae
992 1149 1068 1212 artis
1079 1149 1283 1234 purgationes
1298 1167 1417 1232 nequa·

263 1275 358 1338 quam
387 1255 582 1319 necessariae
610 1254 792 1332 uideantur3
822 1255 878 1318 sed
901 1255 970 1318 aliis
995 1273 1047 1318 aas
1071 1259 1177 1319 tamen
1201 1255 1354 1338 inportas,
1377 1259 1419 1320 ut

262 1361 342 1425 hauc
375 1362 476 1426 ueluti
505 1360 682 1426 mercedem
710 1360 823 1425 reddas
852 1361 1014 1444 magistris
1044 1361 1120 1438 tuis,
1151 1361 1235 1444 quod
1263 1381 1329 1436 eos,
1359 1363 1417 1443 qui

260 1468 477 1551 philosophari
501 1487 561 1532 non
585 1471 729 1549 possunt,
750 1467 789 1532 ad
812 1469 876 1532 ista
899 1467 1035 1544 seducis,
1061 1487 1142 1548 quae
1165 1468 1225 1532 tihi
1248 1471 1418 1550 tamquam

263 1575 460 1656 superiorum
495 1574 602 1657 capaci
636 1593 705 1639 essa
738 1575 864 1639 inutilia
893 1573 1066 1651 confiteris;
1100 1579 1137 1640 ut
1164 1575 1318 1640 uidelicet
1345 1576 1466 1657 qui-10

263 1699 398 1762 cumque
423 1700 440 1743 a
463 1680 683 1764 philosophiae
707 1682 826 1747 uirtute
850 1681 963 1746 remoti
987 1686 1173 1764 santanae
1197 1683 1296 1746 ardua
1317 1683 1418 1746 nimis

263 1789 364 1869 adque
388 1806 562 1870 paucorum
590 1791 704 1866 astte
734 1792 861 1854 auctore
890 1790 1043 1872 theurgos
1073 1789 1229 1864 homines,
1254 1788 1417 1869 aquibus

262 1913 322 1957 non
356 1895 482 1976 quidem
516 1895 546 1958 in
582 1895 686 1958 anima
718 1895 937 1972 intellectuali,
966 1915 1078 1960 uernm
1107 1897 1220 1961 saltem
1247 1895 1279 1958 in
1309 1895 1419 1959 anima

263 2001 399 2082 spiritali
421 2003 605 2086 purgentur,
627 1995 848 2084 inquirant,'et
871 2003 1018 2084 quoniam
1041 2003 1188 2078 istorum,
1209 2021 1289 2084 quos
1313 2001 1418 2084 philo-

263 2107 389 2189 sophari
412 2108 510 2192 piget,
531 2109 820 2189 incomparabiliter
842 2109 943 2172 maior
966 2113 1015 2174 est
1037 2107 1222 2186 multitudo,
1241 2107 1350 2190 plures
1376 2107 1420 2172 ad
1440 2131 1465 2169 ιι

264 2217 403 2278 secretos
423 2217 454 2277 et
473 2214 613 2279 inlicitos
628 2215 799 2299 magistros
818 2217 901 2290 tuoe,
918 2234 1011 2296 quarn
1032 2215 1071 2278 ad
1090 2214 1215 2279 scholas
1231 2213 1419 2278 Platonicas

263 2319 371 2383 uenire
395 2325 557 2403 cogantur.
586 2321 655 2385 Hoc
681 2321 762 2385 enim
788 2321 847 2385 tibi
869 2320 1107 2384 inmundissimi
1131 2320 1312 2396 daemones,
1337 2318 1418 2382 deos

262 2425 419 2489 aetherios
436 2445 469 2490 se
484 2446 554 2491 esse
570 2427 734 2510 fingentes,
751 2447 883 2509 quorum
899 2427 1098 2510 praedicator
1113 2430 1144 2490 et
1159 2426 1291 2510 angelus
1308 2425 1418 2490 iactus

262 2549 305 2606 es,
325 2533 549 2614 promiserunt,
570 2533 655 2616 quod
673 2534 705 2596 in
725 2535 829 2598 anima
848 2533 982 2616 spiritali
1007 2533 1173 2617 theurgica
1196 2537 1262 2596 arte
1284 2532 1420 2616 purgati

262 2639 301 2702 ad
325 2641 448 2704 Patrem
475 2641 600 2723 quidem
625 2661 686 2706 non
711 2641 853 2716 redeunt,
874 2641 931 2704 sed
954 2659 1049 2723 super
1072 2641 1172 2704 aerias
1195 2641 1307 2723 plagas
1330 2640 1420 2703 inter
1436 2665 1463 2704 ιι

262 2746 337 2810 deos
361 2749 516 2812 aetherios
541 2748 739 2812 habitabunt.
763 2747 834 2812 Non
854 2747 944 2811 audit
961 2749 1025 2811 ista
1043 2747 1204 2811 hominurn
1226 2746 1417 2823 multitudo,

259 2855 388 2936 propter
415 2873 494 2936 quos
524 2873 541 2916 a
569 2852 757 2917 daemonum
788 2852 949 2917 dominatu
977 2851 1157 2916 liberandos
1184 2851 1331 2917 Christus
1361 2852 1417 2916 ad-

261 2960 358 3022 uenit.
395 2959 430 3024 In
454 2961 510 3024 illc
535 2959 617 3023 enim
641 2960 757 3023 habent
781 2958 1357 3041 misericordissimampurgationem
1384 2963 1418 3022 et

261 3068 376 3130 mentis
410 3071 442 3131 et
473 3067 606 3148 spiritus
635 3069 666 3130 et
695 3067 834 3148 corporis
863 3067 923 3130 sui.
960 3066 1132 3148 Propterea
1160 3065 1277 3147 quippe
1305 3067 1417 3128 totum

261 3171 420 3238 hominem
454 3173 520 3238 sine
552 3175 682 3255 peccato
715 3170 771 3236 ille
804 3172 955 3254 suscepit,
984 3177 1020 3236 ut
1052 3175 1167 3250 totum,
1196 3191 1258 3252 quo
1287 3175 1462 3237 constatis

261 3279 365 3357 homo,
390 3299 408 3344 a
431 3283 632 3363 peccatorum
660 3281 749 3361 peste
778 3286 910 3346 sanaret.
949 3276 1051 3357 Quem
1078 3281 1115 3342 tu
1142 3297 1265 3360 quoque
1289 3277 1417 3342 utinam

157 3463 159 3468 Ι
262 3387 468 3468 cognouisses
498 3386 590 3468 eique
617 3389 649 3448 te
677 3385 785 3467 potius
810 3405 904 3466 quam
927 3385 981 3448 uel
1003 3387 1077 3448 tuae
1101 3384 1225 3461 uirtuti,
1250 3402 1329 3465 quae
1353 3383 1416 3447 hu·

261 3511 362 3570 mana,
390 3493 512 3577 fragilis
542 3499 573 3556 et
599 3491 722 3555 infirma
751 3494 810 3570 est,
839 3491 891 3556 uel
918 3491 1203 3575 perniciosissimae
1232 3489 1417 3554 curiositati

261 3597 433 3661 sanandum
458 3599 559 3662 tutius
585 3598 815 3663 commisisses.
844 3597 914 3663 Non
938 3599 1019 3663 enim
1046 3601 1076 3659 te
1101 3595 1290 3679 decepisset,
1315 3616 1415 3677 quem

298 3800 310 3851 1
332 3797 495 3854 discreuitv
567 3798 688 3853 didicisti
707 3799 786 3853 hocu
840 3798 1010 3867 2magistris
1028 3797 1085 3851 tuis
1098 3813 1156 3866 ps;
1176 3797 1232 3850 tuis
1252 3813 1303 3850 om.
1319 3795 1382 3850 rell.
1397 3811 1416 3850 v

260 3885 359 3940 Domh.
450 3904 589 3957 empyreas
603 3904 664 3955 po;
683 3888 837 3956 emphprias
855 3887 930 3954 rcll.;
948 3886 1081 3956 empyrias
1094 3884 1193 3940 Domb.
1263 3883 1374 3940 3etin
1390 3902 1415 3953 p

260 3975 450 4044 tposaiutes
522 3977 643 4046 theorgis
661 3994 689 4044 ⁸5
708 3977 836 4030 theoricis
850 3994 872 4044 p
940 3977 1215 4044 dtamquarnom.a
1284 3975 1413 4028 ttamen

262 4080 334 4116 ease
405 4067 529 4132 portssa
585 4066 618 4118 12
637 4065 825 4134 theorgicose
880 4067 913 4118 14
932 4064 1054 4133 inquirat
1073 4061 1104 4116 a¹
1160 4065 1193 4118 16
1213 4063 1299 4116 scolas
1318 4061 1416 4118 abes

263 4153 294 4204 17
315 4153 481 4221 cogunturh
529 4153 562 4206 18
581 4170 610 4206 se
629 4169 713 4208 onas
760 4153 792 4206 19
811 4153 953 4222 theorgioa
970 4169 998 4220 s;
1015 4152 1137 4206 theorica
1146 4168 1168 4220 p
1215 4151 1249 4204 20
1269 4149 1414 4205 redeunte

261 4239 428 4294 aetheriasa
482 4241 516 4294 22
536 4257 645 4295 aom.s
698 4242 733 4296 25
752 4241 827 4295 illos
899 4242 1019 4311 suscepit
1032 4257 1092 4310 sup.
1109 4239 1186 4293 tius
1240 4241 1411 4294 theonas

262 4329 296 4379 29
315 4329 400 4381 totius
420 4328 447 4380 h¹
1305 4321 1309 4330 ³
