3164 4932
636 439 662 492 S.
691 437 845 492 Aurelii
873 439 1092 508 Augustini

741 631 879 698 CAPUT
902 633 987 700 XVI.

291 771 346 835 De
377 771 654 854 philosophis,
688 774 755 855 qui
789 773 943 839 animae
979 775 1281 856 separationem
1310 793 1329 838 a
1361 792 1444 838 eor·

291 897 387 960 porc
410 899 484 944 nou
508 881 655 962 putant
675 898 763 944 esse
782 881 1006 964 poenalem,
1026 901 1113 947 cum
1131 881 1251 947 Plato
1271 880 1445 946 inducet

293 1005 487 1049 summurn
513 984 625 1050 deum
653 986 713 1050 die
738 986 967 1051 minoribus
991 987 1313 1071 promittentem,
1339 987 1444 1068 quod

469 1111 680 1175 numquam
705 1092 787 1157 sint
810 1093 1053 1176 corporibus
1079 1093 1260 1158 eruendi.
1474 1119 1486 1160 1

337 1232 400 1298 Sed
422 1232 614 1317 philosophi,
639 1236 746 1297 contra
774 1253 909 1316 quorum
936 1232 1110 1299 calumnias
1139 1233 1341 1298 defendimus
1365 1233 1443 1298 ciui·

292 1342 390 1404 tatem
418 1338 489 1420 Dei,
521 1339 581 1404 hoc
615 1344 664 1404 est
696 1339 764 1404 eius
797 1340 976 1418 ecclesiam,
1009 1340 1167 1424 sapienter
1198 1339 1261 1405 sibi
1294 1339 1446 1406 uidentur

291 1447 436 1524 inridere,
461 1445 545 1530 quod
577 1445 712 1510 dicimus
745 1446 868 1511 animae
897 1465 915 1511 a
943 1465 1072 1529 corpore
1101 1447 1333 1529 separationem
1361 1447 1446 1512 inter

291 1573 407 1637 poenes
441 1554 509 1618 6111
538 1573 608 1618 6116
636 1553 859 1636 deputandam,
889 1553 964 1636 quia
991 1552 1144 1618 uidelicet
1171 1553 1240 1618 eius
1268 1553 1443 1637 perfectam

292 1659 521 1725 beatitudinem
543 1665 620 1724 tuno
643 1659 692 1724 illi
715 1660 782 1725 fieri
806 1661 996 1743 existimant,
1021 1679 1095 1725 cum
1118 1661 1203 1726 omni
1226 1680 1357 1744 prorsus
1377 1681 1444 1727 cor·
1461 1689 1486 1728 ro

291 1786 365 1849 pore
395 1769 487 1831 exuta
515 1766 554 1830 ad
578 1767 679 1830 Deum
710 1767 844 1848 simplex
873 1772 905 1831 et
928 1767 997 1831 sola
1022 1771 1053 1832 61
1076 1767 1214 1849 quodam
1238 1767 1333 1832 modo
1358 1767 1443 1832 nuda

291 1874 429 1939 redierit.
465 1873 530 1940 Ubi
558 1874 584 1938 si
613 1873 702 1950 nihil,
732 1893 793 1956 quo
822 1875 886 1938 ista
912 1873 1110 1939 refelleretur
1133 1873 1250 1956 opinio,
1274 1873 1307 1938 11
1332 1893 1441 1939 eorum

291 1979 407 2046 11116111
446 1980 631 2057 1116111611,
670 1981 835 2063 operosius
872 1981 951 2045 mihi
991 1981 1217 2064 disputandum
1249 1985 1346 2060 esset,
1379 1999 1440 2065 quo

293 2088 538 2153 demonstrarem
562 2107 622 2152 non
646 2106 759 2171 corpus
784 2107 853 2153 esse
874 2088 1006 2167 animae,
1027 2087 1083 2153 sed
1102 2087 1306 2170 corruptibile
1326 2107 1441 2170 corpus

294 2213 470 2259 onerosum.
499 2194 589 2259 Unde
610 2193 692 2258 illud
717 2194 874 2276 estquod
899 2195 936 2259 de
961 2195 1126 2279 scripturis
1150 2195 1266 2260 nostris
1290 2196 1322 2258 in
1348 2213 1440 2276 supe·
1457 2219 1480 2258 11

292 2301 373 2365 11116
391 2302 472 2367 libro
497 2301 832 2366 commemorauimus:
858 2300 1012 2384 Corpus
1037 2301 1139 2367 enim
1163 2301 1439 2385 corruptibile
1559 2287 1560 2296 ¹

294 2408 491 2492 adgreuet
523 2408 701 2473 animam.
743 2407 894 2473 Addendo
927 2409 1038 2492 utique
1072 2408 1351 2494 corruptibile
1382 2427 1440 2472 non

294 2515 517 2596 qualicumque
550 2533 688 2596 corpore,
723 2513 779 2578 sed
807 2514 899 2595 quale
927 2515 1123 2579 factumest
1150 2535 1186 2580 611
1213 2517 1346 2597 peccato
1371 2533 1440 2578 con·

294 2625 445 2704 sequente
468 2621 620 2699 uindicta,
646 2620 781 2684 animam
804 2620 967 2702 perhibuit
990 2623 1166 2707 adgrauari.
1200 2622 1292 2703 Quod
1316 2621 1440 2686 etiamsi

293 2746 354 2792 non
387 2727 571 2807 addidisset,
604 2727 683 2792 nihil
712 2727 798 2792 aliud
825 2727 1009 2812 intellegere
1038 2729 1235 2793 deberemus.
1278 2727 1341 2794 Sed
1369 2747 1480 2793 cumn

295 2833 493 2915 apertissime
511 2834 602 2899 Plato
628 2834 703 2898 deos
727 2853 745 2897 a
769 2854 893 2899 summo
913 2835 980 2899 Deo
1006 2835 1107 2900 laotos
1130 2835 1244 2900 habere
1263 2833 1441 2899 inmortalia

295 2959 425 3023 corpora
451 2941 612 3023 praedicet
640 2940 748 3024 eisque
777 2942 883 3024 ipsum
908 2940 1022 3022 Deum,
1047 2960 1065 3005 a
1093 2960 1155 3024 quo
1184 2941 1260 3006 facti
1288 2939 1440 3016 111111-

295 3047 391 3110 ducat
427 3067 482 3130 pro
521 3065 635 3131 magno
667 3047 819 3112 beneficio
852 3046 1065 3129 pollicentem,
1098 3047 1183 3130 qnod
1214 3047 1246 3111 11
1280 3049 1439 3111 aeternum

295 3171 367 3218 cum
397 3154 463 3219 suis
488 3152 672 3238 corporibus
696 3155 925 3236 permanebunt
948 3173 1005 3218 neo
1030 3154 1067 3218 ab
1093 3155 1139 3219 eis
1163 3154 1231 3218 ulla
1253 3157 1355 3218 morte
1380 3151 1439 3217 sol·

296 3265 422 3325 nentur:
447 3261 523 3343 quid
548 3264 597 3325 est
620 3260 705 3343 quod
727 3261 782 3324 isti
806 3260 845 3325 ad
869 3261 1087 3345 exagitandam
1111 3261 1322 3326 Christianam
1347 3259 1438 3323 fidem
1455 3287 1478 3326 u

296 3367 418 3450 fingunt
450 3386 483 3431 16
517 3366 636 3432 nescire
670 3366 755 3449 quod
787 3367 904 3445 sciunt,
933 3369 989 3430 ant
1016 3367 1112 3432 etiam
1141 3367 1201 3432 sibi
1227 3369 1438 3451 repugnantes

296 3473 464 3537 aduersum
497 3493 531 3538 16
563 3475 650 3556 ipsos
684 3475 808 3537 malunt
839 3473 953 3552 dicere,
979 3473 1053 3538 dum
1086 3474 1176 3540 nobis
1207 3492 1268 3538 non
1298 3473 1440 3538 desinunt

296 3579 528 3644 contradicere?
552 3581 673 3664 Nempe
692 3580 835 3646 Platonis
855 3581 933 3645 haec
952 3581 1049 3645 uerba
1068 3585 1153 3657 sunt,
1173 3581 1258 3645 sicut
1277 3600 1314 3644 eu
1334 3579 1438 3644 Cicero

295 3685 327 3749 iu
350 3685 497 3750 Latinum
525 3687 630 3764 uertit,
660 3687 774 3769 quibus
802 3687 925 3751 inducit
952 3707 1112 3752 summum
1141 3688 1235 3751 deum
1260 3686 1337 3750 deos
1363 3703 1438 3769 quos

386 3920 419 3974 15
438 3936 460 3974 o.
480 3921 514 3974 15
571 3919 603 3973 16
623 3920 684 3990 Sap.
706 3921 730 3984 9,
752 3920 784 3973 15
839 3919 874 3974 28
893 3919 961 3973 Tim.
982 3937 1006 3990 p.
1026 3921 1059 3973 41
1079 3921 1104 3974 Α

331 4080 348 4132 4
368 4077 409 4130 dis
428 4094 516 4146 omp
601 4079 634 4132 10
654 4078 817 4132 extimantc
886 4080 917 4131 11
939 4079 1038 4150 6111111,
1058 4095 1070 4132 1
1090 4095 1168 4142 arua,
1188 4096 1202 4132 e
1275 4077 1411 4132 dominum
1430 4077 1439 4128 l

298 4168 329 4220 12
352 4165 485 4220 refellitur
504 4167 514 4219 l
589 4169 621 4222 15
646 4167 778 4236 superiori
791 4184 839 4236 pc
914 4169 945 4222 ll
965 4166 1099 4237 adgrabat
1122 4167 1158 4221 1¹²
1229 4168 1261 4220 21
1281 4167 1396 4229 haberet
1419 4164 1441 4216 V

295 4258 330 4312 25
349 4255 516 4324 erigendam,
535 4258 566 4308 11
578 4273 663 4324 uturp.
680 4255 879 4325 exagitandam,
895 4273 909 4312 c
962 4257 997 4309 26
1016 4255 1129 4326 fingent,
1144 4273 1159 4310 e
1173 4273 1206 4310 m.
1219 4261 1234 4309 1
1245 4255 1278 4310 in
1292 4273 1309 4310 a
1322 4272 1399 4315 corr..
1419 4253 1442 4304 V
1559 4297 1560 4331 q

295 4347 329 4398 21
350 4341 511 4397 aduersuse
1559 4335 1560 4352 ¹
