3108 4926
295 425 359 488 350
639 419 666 474 S.
694 419 851 474 Aurelii
878 417 1096 489 Augustini

295 613 428 679 eundem
443 612 614 677 Varronem
637 611 757 697 legitur
778 611 810 675 in
834 611 915 677 libro
935 611 973 676 de
992 611 1082 676 cultu
1102 609 1243 691 deorum,
1263 611 1426 676 ‘Terentius

295 720 425 804 quidam
454 739 526 784 curn
554 719 686 784 haberet
713 718 752 782 ad
775 718 953 783 Ianiculum
976 717 1109 782 fundum
1134 721 1166 783 et
1188 716 1344 782 bubulcus
1366 716 1426 780 eius
1532 735 1533 810 p

293 828 381 892 iuxta
409 827 591 910 sepulcrum
618 825 742 890 Numae
771 825 921 909 Pompilii
952 825 1101 890 traiciens
1134 827 1274 889 aratrum
1305 823 1427 888 eruisset
1532 821 1533 904 l

295 953 330 998 er
354 937 437 998 terra
459 933 557 997 libros
583 932 662 1010 aius,
686 932 742 996 ubi
766 951 925 996 sacromm
949 931 1170 996 institutorum
1194 931 1329 1015 scriptae
1350 932 1428 994 eraut

295 1059 417 1118 causae,
432 1039 463 1103 in
479 1039 597 1104 Urbem
611 1038 744 1123 pertulit
758 1037 797 1103 ad
815 1041 1002 1120 praetorem.
1026 1038 1068 1101 At
1087 1037 1141 1102 ille
1161 1056 1232 1102 cum
1253 1037 1427 1119 inspexisset
1451 1056 1461 1094 s
1532 1079 1533 1088 ,

293 1147 456 1231 principia,
480 1165 548 1212 rem
571 1149 691 1211 tantam
716 1145 833 1210 detulit
856 1145 895 1210 ad
919 1149 1073 1211 senatum.
1104 1145 1167 1210 Ubi
1191 1163 1265 1210 cum
1288 1145 1426 1228 primores

294 1253 447 1336 quasdam
477 1271 589 1318 causas
617 1253 782 1337 legissent,
808 1272 891 1335 quur
918 1252 1057 1344 quidque
1085 1253 1117 1317 in
1147 1253 1245 1317 saona
1275 1251 1367 1316 luerit
1388 1251 1426 1315 in·

295 1360 457 1438 stitutum,
482 1359 606 1424 Numae
634 1362 759 1424 mortuo
784 1362 914 1424 senatus
939 1358 1094 1424 adsensus
1119 1362 1177 1437 est,
1202 1377 1319 1441 eosque
1340 1357 1427 1422 libros

293 1469 455 1549 tamquam
487 1464 629 1548 religiosi
661 1467 766 1548 patres
800 1464 980 1547 conscripti,
1008 1467 1133 1547 praetor
1164 1466 1202 1528 ut
1234 1464 1427 1538 combureret,

295 1575 507 1638 censuerunt.
551 1569 666 1636 Credat
698 1571 832 1654 quisque
866 1569 949 1654 quod
976 1574 1083 1654 putat;
1115 1571 1213 1636 immo
1242 1590 1317 1635 uero
1344 1569 1426 1646 dicat,
1443 1589 1461 1628 n

295 1679 380 1762 quod
408 1679 575 1744 dicendum
605 1678 806 1762 suggesserit
833 1696 950 1742 resana
978 1677 1147 1757 contentio,
1172 1677 1309 1760 quilibet
1335 1681 1427 1741 tantae

208 1865 212 1879 α
293 1785 455 1870 inpietatis
484 1783 629 1850 defensor·
656 1783 814 1868 egregius.
847 1784 900 1848 Me
928 1783 1094 1849 admonere
1118 1783 1259 1850 sufficiat
1282 1802 1427 1849 sacrorum

293 1911 407 1959 sarisas
431 1913 450 1958 a
471 1911 545 1976 rege
564 1891 721 1975 Pompilio
741 1892 955 1956 Romanorum
979 1909 1141 1955 sacrorum
1163 1890 1345 1955 institutore
1367 1909 1427 1953 con·

295 1999 429 2083 scriptas
453 2017 511 2064 nec
534 1998 652 2082 populo
675 2017 734 2062 nec
757 1997 883 2062 senatui
906 2017 963 2062 nec
988 1998 1101 2062 saltem
1125 1997 1204 2082 ipsis
1224 1995 1427 2063 sacerdotibus

293 2109 489 2171 innotescere
513 2105 662 2170 debuisse
685 2106 854 2188 ipsumque
877 2104 1016 2168 Numam
1038 2104 1232 2188 Pompilium
1257 2104 1428 2168 curiositate
1444 2120 1462 2161 6

293 2211 418 2278 16116116
441 2210 479 2275 61
504 2229 540 2275 ea
563 2211 751 2276 daemonum
773 2209 957 2292 peruenisse
977 2213 1108 2288 secreta,
1128 2230 1208 2294 quae
1228 2211 1296 2292 ipse
1315 2209 1428 2292 quidem

296 2317 457 2395 scriberet,
472 2319 510 2381 ut
523 2316 653 2382 haberet
667 2317 750 2381 unde
763 2317 898 2402 legendo
915 2321 1180 2394 commoneretur;
1202 2317 1258 2382 sed
1272 2337 1309 2382 ea
1325 2321 1428 2390 tamer,

294 2444 368 2490 cum
396 2443 448 2487 rer
477 2427 572 2500 esset,
598 2423 652 2505 qui
680 2422 810 2486 minime
840 2441 1031 2506 quemquam
1060 2426 1226 2501 metueret,
1249 2442 1308 2487 nec
1331 2423 1428 2488 docere

294 2532 432 2614 aliquem
464 2548 520 2594 nec
549 2528 682 2593 delendo
711 2529 764 2593 uel
788 2547 914 2611 quoquo
942 2528 1035 2593 modo
1070 2530 1284 2595 consumendo
1315 2530 1428 2613 perdere

295 2637 434 2701 auderet.
471 2636 521 2700 Ita
550 2635 634 2718 quod
662 2635 742 2700 scire
770 2635 927 2699 neminem
956 2634 1070 2712 uoluit,
1095 2655 1133 2699 ne
1157 2635 1301 2700 homines
1325 2635 1463 2701 uelanau

296 2743 432 2820 doceret,
460 2742 580 2806 uiolare
614 2745 721 2806 autem
754 2741 874 2820 timuit,
903 2760 941 2806 ne
974 2740 1141 2807 deamones
1173 2742 1270 2807 iratos
1303 2743 1427 2816 haberet,

295 2849 410 2927 obruit,
434 2849 489 2913 ubi
516 2850 623 2912 tutum
651 2848 789 2932 putauit,
814 2849 960 2932 sepulcro
990 2867 1046 2913 suo
1071 2849 1281 2932 propinquare
1304 2853 1426 2913 aratrum

293 2974 388 3038 posse
416 2975 478 3020 non
503 2954 643 3020 credens.
682 2955 818 3020 Senatus
843 2957 949 3019 autern
974 2973 1043 3018 curn
1068 2953 1237 3040 religiones
1261 2954 1430 3020 formidaret

294 3063 442 3127 damnare
475 3061 631 3126 maiorum
663 3065 695 3124 et
724 3061 796 3126 ideo
825 3061 949 3126 Numae
983 3061 1132 3126 adsentiri
1165 3066 1341 3145 cogeretur,
1366 3062 1430 3126 illos

295 3172 400 3232 lernen
432 3167 531 3233 libros
565 3171 629 3233 tam
661 3168 856 3252 perniciosos
889 3187 960 3233 esse
992 3167 1158 3241 iudicauit,
1192 3171 1230 3233 ut
1262 3187 1318 3234 nec
1352 3166 1430 3232 obrui
1445 3183 1464 3223 a

293 3293 403 3339 rursus
432 3274 564 3352 iuberet,
588 3293 627 3338 ne
650 3274 788 3339 humana
812 3273 980 3340 curiositas
1004 3275 1106 3339 multo
1129 3275 1351 3340 uehementius
1374 3293 1431 3338 rem

293 3380 358 3444 iam
370 3380 528 3462 proditam
540 3385 713 3464 quaereret,
725 3381 781 3445 sed
795 3381 931 3446 flammis
947 3381 1065 3446 aboleri
1079 3381 1214 3445 nefanda
1228 3384 1431 3456 monumenta,

295 3489 341 3562 ut,
366 3487 440 3568 quia
462 3486 525 3550 iarn
549 3505 679 3552 necesse
703 3506 774 3552 esse
797 3487 1021 3552 existimabant
1043 3505 1131 3552 sacra
1151 3487 1210 3552 illa
1232 3486 1432 3556 1666661616-

294 3591 427 3656 rabilius
443 3595 596 3657 erraretur
610 3593 715 3658 carreis
735 3612 844 3658 eorum
862 3593 1026 3678 ignoratis,
1046 3613 1141 3676 quam
1166 3593 1301 3678 cognitis
1326 3593 1431 3658 ciuitas

294 3699 482 3763 turbaretur.
1445 3717 1464 3756 a

332 3966 568 4036 trepulchumO
638 3968 716 4022 tad
739 3968 769 4022 0¹
844 3968 1084 4038 7166166610611
1154 3971 1184 4023 11
1205 3927 1431 4040 qnodicendumC

295 4057 419 4125 suggerit
438 4057 474 4124 lq
529 4057 561 4110 13
582 4073 598 4110 a
615 4058 691 4127 rege]
712 4073 821 4126 ugerae
893 4058 1082 4120 constitutore,
1100 4059 1132 4111 ia
1150 4075 1237 4128 marg.
1256 4059 1429 4120 instituerer

295 4143 492 4212 conscriptsC
545 4146 578 4199 19
596 4161 645 4199 nec
665 4147 798 4215 quoquot
852 4147 884 4201 21
905 4147 995 4212 noluit
1011 4147 1133 4200 timuite
1182 4147 1217 4200 23
1235 4164 1286 4202 nec
1304 4145 1428 4202 credensc

294 4232 417 4301 legiones
436 4232 459 4286 61
516 4235 736 4298 2461116616
755 4251 839 4305 marg.
859 4235 933 4288 6116
953 4235 1046 4304 deo,c
1121 4237 1287 4291 assentirer
1339 4237 1370 4292 26
1387 4247 1428 4288 neo

295 4320 399 4374 hamt
452 4321 559 4375 281661
577 4324 685 4377 66601
740 4323 940 4379 castratura
