3136 4928
296 413 361 474 482
638 409 665 463 S.
693 410 851 464 Aurelii
879 409 1098 478 Augustini

296 606 467 686 pateretur,
505 606 631 668 nostros
664 603 777 668 heroas
810 622 1008 668 noceremus.
1054 604 1125 670 Hoc
1162 605 1244 668 enim
1282 621 1396 669 nomeu
1429 625 1444 669 a

295 711 416 774 Iunone
437 707 553 772 dicitur
576 711 724 785 tractum,
750 709 833 791 quod
859 709 977 774 Graece
1000 712 1078 776 luno
1102 702 1187 793 Ἥρα
1206 711 1396 794 appellatur,
1416 717 1444 776 et

297 818 367 883 ideo
388 815 494 880 nescio
514 815 585 897 quis
604 815 689 878 lilius
710 815 777 879 eius
798 817 971 882 secuudum
988 817 1180 882 Graecorum
1199 817 1324 881 fabulas
1343 819 1443 883 Heres

297 925 394 988 luerit
417 925 629 1004 nuncupatus,
659 921 718 986 hoc
743 922 895 986 uidelicet
922 924 1022 987 ueluti
1045 923 1217 1006 mysticum
1246 923 1443 1007 significante

296 1029 415 1107 fabula,
440 1028 524 1111 quod
549 1047 601 1092 aer
623 1028 734 1092 lunoni
760 1028 939 1110 deputetur,
974 1030 1028 1093 ubi
1053 1030 1168 1094 uolunt
1190 1049 1263 1092 cum
1288 1031 1444 1096 daemoni·
1470 1057 1479 1094 a

296 1137 357 1201 bus
391 1137 503 1200 heroas
536 1136 688 1213 habitare,
723 1153 784 1216 quo
818 1135 944 1200 nomine
977 1137 1137 1218 appellant
1170 1137 1307 1201 alicuius
1342 1137 1444 1201 meriti

297 1244 417 1307 animas
443 1243 671 1307 defunctorum.
719 1240 821 1306 Sede
847 1243 1002 1307 contrario
1032 1245 1185 1325 martyres
1209 1243 1310 1307 nostri
1334 1245 1443 1308 heroes

297 1351 561 1431 nuncuparentur,
588 1347 625 1422 ei,
650 1349 687 1411 ut
710 1347 781 1418 diri,
816 1366 894 1410 usus
919 1348 1129 1413 ecclesiastici
1154 1349 1308 1412 sermonis
1334 1349 1444 1413 admit-

296 1459 388 1534 teret,
421 1474 483 1519 uon
508 1473 569 1536 quo
602 1453 647 1517 eis
678 1457 765 1517 esset
796 1473 867 1517 cum
893 1453 1100 1518 daemonibus
1131 1455 1162 1518 iu
1194 1473 1265 1519 aere
1297 1455 1442 1532 societas,

297 1563 354 1628 sed
374 1562 457 1645 quod
482 1561 608 1626 eosdem
629 1560 808 1638 daemones,
832 1559 864 1624 id
888 1565 938 1624 eet
961 1561 1060 1625 aerias
1084 1562 1246 1626 uincerent
1268 1565 1441 1643 potestates
1458 1591 1477 1628 o

297 1673 330 1732 et
352 1668 383 1732 in
409 1667 454 1732 eis
478 1668 591 1749 ipsam,
625 1665 779 1748 quidquid
802 1669 934 1748 putetur
957 1666 1143 1750 siguificare,
1176 1668 1342 1746 Iunonem,
1368 1689 1441 1752 quae

297 1794 358 1838 nou
392 1791 619 1856 usquequaque
651 1773 909 1836 iuconuenienter
940 1793 958 1836 e
987 1773 1090 1856 poetis
1124 1773 1285 1838 inducitur
1317 1776 1441 1839 inimice

296 1881 471 1946 uirtutibus
506 1885 537 1944 et
570 1879 693 1943 caelum
726 1879 907 1961 petentibus
941 1880 1019 1944 uiris
1048 1879 1184 1944 sortibus
1217 1880 1337 1945 inuida
1383 1881 1440 1947 Sed
1485 1925 1489 1936 .

296 2007 408 2051 rursus
439 1988 468 2051 ei
499 1985 681 2049 succumbit
709 1986 879 2050 infeliciter
909 1985 1056 2069 ceditque
1087 1986 1259 2070 Vergiliae,
1292 1993 1340 2066 ut,
1373 2007 1439 2052 cum

297 2099 471 2176 aputeum
494 2093 549 2156 illa
573 2093 671 2156 dicat:
1455 2119 1476 2156 ιε
1545 2113 1546 2156 ;

388 2223 494 2282 Vinoor
517 2222 553 2279 ab
577 2224 686 2293 Aenea,

297 2343 404 2424 ipsum
428 2343 553 2405 Aenean
584 2341 751 2406 admoueat
779 2341 921 2406 Helenus
946 2342 1038 2424 quasi
1068 2341 1199 2406 consilio
1230 2342 1379 2426 religioso
1408 2349 1437 2404 et
1545 2345 1546 2410 I

297 2449 397 2512 dicat:

387 2576 492 2634 Iunoni
517 2593 587 2634 cane
611 2579 681 2634 uota
703 2577 808 2649 libens,
833 2577 1035 2650 dominamque
1059 2579 1205 2649 potentem

387 2665 571 2740 Supplicibus
595 2683 701 2739 supera
724 2667 817 2724 donis.

297 2785 343 2848 lix
367 2805 428 2868 qna
457 2785 600 2866 opinione
628 2786 833 2868 Porphyrius,
858 2785 1004 2867 quamuis
1032 2805 1093 2850 uon
1122 2805 1158 2849 er
1186 2805 1245 2849 sua
1276 2787 1435 2859 sententie,

297 2891 354 2957 sed
378 2913 413 2955 er
437 2891 580 2970 eliorum,
605 2893 683 2956 dicit
706 2893 823 2956 bonum
848 2893 941 2957 deum
964 2892 1016 2956 uel
1041 2892 1169 2975 genium
1192 2911 1255 2956 non
1280 2894 1385 2956 uenire
1406 2893 1435 2956 iu

296 2998 468 3074 hominem,
501 2998 562 3060 nisi
587 2999 690 3061 malus
714 2999 810 3062 fuerit
834 3003 905 3063 aute
929 3000 1089 3081 placatum
1128 3003 1291 3082 tamquam
1315 3000 1435 3064 fortiora

297 3105 362 3168 siut
386 3106 462 3186 aput
486 3123 539 3168 eos
564 3105 692 3167 numina
714 3105 798 3168 male
822 3124 915 3186 quam
935 3107 1026 3182 bona,
1052 3104 1176 3186 quaudo
1205 3105 1334 3187 quidem
1359 3107 1437 3170 mala

296 3210 463 3293 inpediunt
486 3211 641 3274 adiutoria
665 3210 828 3286 bonorum,
853 3212 913 3275 uisi
933 3211 977 3275 eis
997 3210 1121 3293 placete
1141 3211 1215 3276 dent
1237 3213 1355 3290 locum,
1377 3231 1465 3276 mar-e

296 3317 401 3399 lisque
431 3317 612 3382 nolentibus
643 3317 725 3380 bono
754 3317 905 3400 prodesse
935 3337 995 3382 nou
1020 3321 1169 3402 possunt;
1200 3337 1313 3383 nocere
1337 3323 1435 3384 autem

297 3424 380 3487 mala
411 3429 555 3506 possunt,
590 3443 649 3488 uon
682 3425 744 3488 sibi
775 3424 955 3488 ualentibus
979 3425 1126 3490 resistere
1150 3425 1251 3493 bonis.
1299 3425 1367 3491 Non
1391 3427 1437 3488 est
1544 3435 1545 3448 ¹

389 3665 421 3717 16
440 3665 507 3717 Aen.
525 3665 587 3731 Vll,
606 3665 658 3719 310
716 3667 746 3718 19
767 3665 833 3720 Aen.
853 3665 903 3728 111,
922 3665 976 3719 438
995 3683 1035 3735 eq.

336 3840 348 3893 1
378 3843 485 3892 nostros
509 3839 604 3893 heroas
627 3841 811 3908 superscripto
833 3857 867 3897 m.
888 3843 907 3894 2
929 3826 994 3894 nrm
1016 3827 1126 3904 duo-m
1231 3860 1330 3898 nomen
1351 3859 1399 3897 ora.
1418 3857 1436 3893 a

297 3929 314 3980 2
334 3929 416 3981 heroa
436 3947 454 3980 a
507 3931 524 3982 4
543 3930 631 3982 ueluti
651 3947 701 3984 orla.
722 3947 740 3982 a
800 3931 815 3982 ‘l
836 3929 1031 3984 defunctorum.
1052 3931 1133 4000 [unde
1153 3930 1219 3986 dicti
1237 3932 1343 4003 heroes]
1361 3931 1437 3986 uocis

297 4043 456 4096 r'oclncab'2
529 4045 1015 4116 ebel¹peo¹lc¹c;eal²n‘-’lc²f
1084 4013 1205 4102 esicio
1274 4047 1435 4118 9quodpo

300 4133 332 4184 12
347 4132 374 4184 iu
389 4131 511 4198 ducibus,
526 4136 709 4202 superscripto
724 4151 757 4188 m.
774 4135 995 4198 2nlinducitur,
1012 4153 1030 4188 a
1086 4137 1117 4189 17
1132 4136 1276 4206 religiosus
1285 4156 1307 4206 p
1359 4137 1433 4190 22ex

297 4235 349 4272 cor.
370 4219 398 4272 b¹
488 4221 588 4273 bouum
608 4221 708 4276 dicito
780 4225 814 4277 23
838 4227 901 4278 ante
919 4241 979 4296 sup.
1000 4225 1084 4280 limo
1175 4241 1228 4278 nou
1247 4225 1433 4294 fortiora,uon

298 4325 332 4360 m.
353 4312 449 4375 2ercp.
470 4309 527 4372 lio..
548 4327 566 4362 a
621 4312 656 4363 24
674 4313 746 4364 mala
765 4315 856 4381 quam]
877 4314 970 4382 aliqua
989 4331 1007 4366 a
