3072 4930
224 435 286 498 190
323 503 328 513 ι
562 433 594 494 δ.
623 433 779 488 Aurelii
806 433 1024 503 Augustini

221 627 422 711 pellerentur.
447 627 611 692 Postremo
636 627 784 710 quoniam
808 627 847 692 de
871 626 993 692 duabus
1017 627 1089 692 istis
1109 625 1228 692 deabus
1243 627 1380 694 Virtute

223 739 255 798 et
273 733 439 798 Felicitate
463 719 653 799 tractamus:
678 733 706 797 sl
729 732 865 798 felicitas
883 733 1015 798 uirtutis
1034 737 1085 800 est
1102 735 1289 816 praemium,
1309 755 1378 800 uon

222 842 291 920 dea,
316 840 372 906 sed
396 839 456 906 Dei
479 841 596 905 donum
620 844 682 917 est;
712 841 739 906 si
763 844 869 906 autem
895 841 953 906 dea
975 844 1033 920 est,
1058 861 1140 924 quur
1162 859 1222 906 non
1247 841 1380 906 dicatur

225 950 258 1012 ct
288 947 441 1012 uirtutem
473 947 544 1030 ipsa
576 948 725 1024 conferre,
759 948 882 1032 qnando
921 948 1049 1031 quidem
1086 948 1182 1013 etiam
1216 949 1378 1014 uirtutem

221 1054 373 1137 consequi
396 1053 533 1120 felicitas
556 1073 672 1140 magna
695 1055 764 1122 est?
1410 1071 1424 1110 ⁵

667 1246 804 1313 CAPUT
828 1247 928 1312 XXII.

222 1369 276 1434 De
307 1369 486 1434 scientia
513 1368 775 1436 colendorum
805 1370 977 1448 deorum,
1002 1390 1116 1455 quam
1142 1391 1160 1435 a
1184 1391 1224 1437 se
1243 1372 1374 1438 Varro

412 1475 618 1560 gloriatur
640 1476 842 1542 conlatam
867 1496 957 1542 esse
980 1477 1180 1542 Romanis.

268 1600 352 1681 Quid
385 1604 435 1666 est
468 1618 554 1686 ergo,
588 1600 672 1683 quod
704 1621 760 1684 pro
797 1601 919 1685 ingenti
955 1601 1108 1667 beneficio
1136 1601 1235 1666 Varro
1273 1603 1375 1668 iactat

221 1715 381 1792 praestare
409 1727 443 1772 se
467 1707 592 1773 ciuibus
617 1707 695 1786 suis,
720 1708 877 1791 quianon
902 1708 1006 1773 solum
1018 1713 1260 1774 commemorat
1283 1709 1373 1784 daos,
1393 1731 1419 1770 ιο

223 1833 302 1898 quos
336 1815 397 1880 coli
430 1817 574 1897 oporteat
601 1832 619 1878 a
646 1814 806 1894 Romanis,
835 1833 948 1880 uerum
980 1816 1076 1880 etiam
1110 1815 1189 1881 dicit
1220 1815 1298 1899 quid
1331 1815 1373 1879 ad

223 1940 379 2004 quemque
410 1919 587 2004 pertineat?
630 1918 784 1999 Quoniam
817 1921 896 1986 nihil
923 1922 1062 2004 prodest,
1091 1923 1203 2005 inquit,
1231 1921 1372 1988 hominis

223 2027 358 2092 alicuius
381 2026 497 2092 medici
520 2046 633 2092 nomen
657 2029 852 2111 formamque
876 2047 982 2108 nosse,
1001 2031 1034 2094 et
1057 2029 1141 2112 quod
1165 2030 1207 2094 sit
1226 2027 1371 2093 medicus

222 2134 378 2217 ignorare:
402 2134 448 2198 ita
471 2133 549 2199 dicit
567 2134 643 2199 nihil
664 2134 814 2217 prodesse
833 2136 913 2200 scire
932 2134 1025 2200 deum
1046 2155 1116 2201 esse
1131 2135 1371 2218 Aesculapium,

223 2241 250 2304 si
274 2240 398 2306 nescias
421 2259 494 2304 cum
517 2241 693 2306 ualetudini
718 2242 877 2326 opitulari,
897 2241 998 2325 adque
1016 2243 1063 2306 ita
1085 2241 1212 2326 ignores
1236 2261 1318 2324 quur
1341 2241 1371 2306 ei
1390 2261 1414 2300 1⁵
1514 2315 1515 2320 ἵ

223 2347 337 2412 debeas
357 2347 546 2430 supplicare.
569 2349 640 2414 Hoc
659 2348 837 2414 etiamalio
856 2349 1065 2414 similitudine
1084 2348 1229 2413 adfirmat
1248 2346 1368 2422 dicens,

222 2473 284 2518 non
306 2453 399 2519 modo
423 2453 502 2519 bene
525 2454 643 2532 uiuere,
668 2455 724 2520 sed
747 2455 856 2520 uiuere
880 2455 1005 2521 omniuo
1029 2455 1186 2520 neminem
1210 2473 1316 2537 posse,
1341 2453 1369 2518 si

222 2560 346 2644 ignoret
369 2560 514 2643 quisnam
538 2561 580 2627 sit
602 2561 699 2638 faber,
720 2561 791 2644 quis
814 2561 926 2644 pistor,
946 2562 1018 2645 quis
1041 2564 1152 2644 tector,
1173 2579 1271 2643 aquo
1293 2561 1369 2644 quid

222 2666 358 2730 utensile
385 2669 492 2750 petere
519 2667 631 2750 possit,
656 2687 750 2751 quem
779 2669 954 2734 adiutorem
984 2668 1159 2747 adsumere,
1189 2687 1283 2751 quem
1313 2667 1369 2732 du·

223 2791 301 2850 cem,
321 2792 415 2855 quem
435 2773 610 2850 doctorem;
635 2793 670 2839 ao
690 2773 784 2840 modo
809 2775 889 2840 nulli
912 2775 1045 2840 dubium
1068 2793 1138 2840 esse
1156 2773 1305 2840 adsersus
1324 2773 1370 2838 ita
1387 2795 1412 2836 ro

222 2897 292 2944 esse
311 2880 424 2944 utilem
444 2879 654 2965 cognitionem
676 2879 816 2960 deorum,
837 2880 865 2946 si
884 2880 1002 2946 sciatur
1021 2900 1114 2964 quam
1134 2881 1270 2964 quisque
1290 2880 1367 2945 deus

221 2985 287 3050 uim
312 2989 344 3050 et
366 2985 550 3052 facultatem
573 3005 609 3052 ao
634 2989 826 3069 potestatem
851 2987 1004 3072 cuiusque
1026 2987 1071 3052 roi
1095 2987 1219 3053 habeat
1251 2987 1306 3051 ‘Ex
1332 3005 1367 3050 eo

222 3091 305 3155 enim
328 3094 513 3175 poterimus,
537 3093 650 3176 inquit,
675 3093 755 3160 scire
774 3113 868 3179 quom
893 3095 1047 3177 cuiusque
1072 3114 1168 3160 causa
1194 3093 1288 3158 deum
1316 3094 1368 3157 ad-

222 3217 335 3262 uocare
359 3199 461 3282 adque
480 3200 626 3266 inuocare
645 3201 828 3279 debeamus,
848 3221 886 3267 nc
905 3201 1070 3276 iaciamus,
1090 3205 1126 3266 ut
1145 3200 1235 3264 mimi
1254 3200 1366 3271 solent.

222 3306 253 3368 et
277 3308 422 3385 optemus
447 3325 465 3371 a
487 3307 598 3374 Libero
622 3327 748 3390 aquam,
773 3329 791 3374 a
812 3308 966 3392 Lymphis
989 3308 1120 3374 uiuum'.
1153 3308 1270 3391 Magna
1292 3295 1370 3372 sane¹
1384 3329 1409 3369 aa
1512 3253 1513 3345 i

221 3411 355 3476 utilitas.
390 3410 469 3491 Quis
493 3433 553 3479 non
577 3415 651 3481 huic
675 3415 792 3500 gratias
818 3416 935 3499 ageret,
961 3415 988 3479 si
1016 3433 1091 3480 uera
1113 3416 1311 3492 monstraret,
1336 3417 1367 3478 et

221 3517 249 3580 si
277 3535 376 3581 unum
403 3537 514 3583 uerum
539 3519 652 3599 Deum,
677 3541 695 3586 a
723 3542 785 3606 quo
810 3524 917 3588 essent
940 3521 1046 3587 omnia
1067 3521 1160 3599 bona,
1183 3519 1366 3586 bominibus

222 3621 389 3688 colendum
413 3624 558 3691 doceret?

258 3779 475 3850 lpellenturC¹
528 3783 624 3886 4{?⁵⁸
642 3781 715 3852 :lep
730 3783 845 3851 Domb.;
862 3784 949 3853 ipsam
966 3783 1122 3853 Oobdqo
1176 3783 1367 3852 targuesto

219 3895 391 3951 benificioG
458 3897 490 3951 10
509 3897 665 3963 qici‚busA
735 3900 767 3953 12
786 3915 950 3969 quemquam
968 3901 1007 3968 A,
1026 3917 1105 3970 quem
1125 3901 1154 3951 ιιιι
1220 3899 1252 3953 12
1272 3898 1367 3968 inquid

220 3983 315 4052 A¹C¹,·
332 3985 364 4038 s‘n
383 3985 398 4038 b
419 3985 588 4054 adscriptum
607 3993 646 4040 est
664 4003 741 4040 narro
823 3987 960 4041 hominio
1033 3991 1066 4043 14
1085 3985 1370 4058 essescolap'phiumC

223 4075 254 4127 15
273 4073 333 4142 ista,
353 4090 365 4126 s
384 4091 464 4138 eran,
483 4074 506 4128 0
569 4075 599 4128 16
620 4075 737 4128 affirmat
755 4075 791 4132 al.
811 4075 921 4129 similo
977 4077 1009 4130 17
1029 4077 1077 4132 aad
1094 4077 1186 4131 uiuere
1205 4093 1265 4146 saep.
1280 4075 1369 4130 lime*

222 4163 254 4216 18
272 4163 361 4232 pictor
379 4181 407 4233 q,·
426 4163 546 4234 piscator
564 4165 594 4215 αἱ
662 4164 695 4218 19
715 4163 818 4218 adsum.
838 4164 922 4218 adiut.
942 4167 966 4219 h
1024 4167 1059 4220 23
1078 4165 1168 4235 inquit
1181 4165 1367 4236 poterimuah

219 4251 354 4321 possimus
377 4252 445 4305 scira
463 4252 584 4322 inquitq
691 4251 824 4306 aduocato
843 4257 926 4322 atque
945 4254 1071 4309 inuocare
1092 4253 1298 4324 obdepqalr
1310 4255 1368 4339 ,fo3

221 4339 314 4394 aduoc.
335 4343 364 4392 et
383 4341 471 4396 inuoo.
491 4342 528 4407 A,·
545 4341 633 4394 inuoc.
653 4343 736 4410 atque
755 4341 856 4410 (adque
878 4341 922 4406 0¹)
943 4341 1037 4400 adnoc.
1059 4342 1197 4400 GDomb.
