3136 4934
380 446 1078 518 Βο010110101011111.11.00018,
1236 449 1300 512 457

616 641 753 707 CAPUT
778 640 846 705 Vll.

158 784 269 864 Quod
294 787 527 848 sanctorum
551 785 788 868 angelorum
813 803 855 847 ea
881 783 996 847 sitin
1020 802 1090 847 nos
1115 782 1298 860 dilectio,

187 894 233 953 ut
255 909 325 954 nos
349 909 422 954 non
448 909 553 969 suos,
579 890 648 954 sed
671 891 791 956 unius
817 889 902 953 ueri
927 889 999 954 Dei
1023 889 1158 953 uelint
1181 908 1270 953 esse

635 997 827 1061 cultores.

126 1163 138 1201 a
200 1138 315 1204 Merito
346 1139 394 1203 illi
416 1141 448 1204 in
473 1141 663 1205 caelestibus
697 1140 826 1204 sedibus
860 1139 1025 1204 constituti
1058 1139 1240 1204 inmortales
1270 1140 1301 1201 et

155 1245 249 1323 beati,
274 1247 328 1326 qui
353 1247 502 1312 creatoris
527 1246 577 1311 sui
596 1246 837 1329 participatione
858 1245 1066 1329 congaudeat,
1092 1246 1183 1310 cuius
1204 1249 1300 1308 aeter-

156 1351 254 1416 nitate
277 1353 370 1428 firmi,
401 1353 492 1418 cuius
523 1353 658 1417 ueritate
689 1353 777 1433 certi,
810 1354 901 1416 ouius
928 1371 1058 1417 munere
1088 1350 1298 1426 sanctisunt,

156 1458 303 1538 quoniam
317 1478 374 1524 nos
392 1460 543 1524 mortales
563 1464 595 1523 et
613 1459 757 1535 miserae,
772 1463 810 1523 ut
827 1459 1010 1524 inmortales
1026 1458 1172 1539 beatique
1188 1457 1299 1532 simus,

154 1565 399 1630 misericorditer
417 1566 563 1649 diligunt,
585 1567 697 1629 nolunt
715 1585 770 1630 nos
791 1565 851 1630 sibi
872 1565 1052 1642 sacrificari,
1072 1563 1128 1630 sed
1148 1563 1187 1638 ei,
1209 1564 1299 1627 cuius

113 1671 268 1754 metipsi
288 1672 455 1737 nobiscum
475 1673 665 1738 sacrificium
687 1693 720 1738 se
740 1692 810 1737 esse
829 1675 994 1737 nouerant.
1020 1671 1099 1736 Cum
1118 1670 1197 1752 ipsis
1217 1670 1299 1734 enim

155 1798 267 1843 sumus
287 1799 350 1843 una
369 1779 483 1844 ciuitas
502 1780 572 1858 Dei,
593 1781 644 1844 cui
665 1781 782 1844 dicitur
799 1781 831 1843 in
850 1781 987 1863 psalmo:
1010 1777 1300 1844 Gloriosissima

154 1884 258 1948 diota
282 1889 370 1950 sunt
394 1887 436 1950 de
465 1890 511 1962 te,
542 1888 682 1951 ciuitas
707 1887 787 1962 Dei3
824 1887 915 1951 cuius
939 1904 1011 1969 pars
1039 1886 1070 1949 in
1098 1885 1189 1950 nobis
1213 1904 1299 1966 pere·

154 1992 307 2074 grinatur,
332 2011 404 2076 para
427 1993 458 2056 in
482 1994 548 2058 illis
573 1994 758 2077 opitulatur.
782 1993 834 2068 De
854 1993 909 2057 illa
928 1992 1043 2075 quippe
1068 2011 1203 2075 superna
1222 1992 1298 2056 ciui·

152 2101 229 2176 tate,
253 2098 310 2160 ubi
332 2099 391 2162 Dei
415 2099 563 2164 uoluntas
586 2100 806 2182 intellegibilis
831 2099 932 2181 adque
956 2099 1226 2163 incommutabilis
1250 2099 1299 2162 lex

111 2230 135 2270 ra
154 2209 212 2280 est,
248 2205 285 2270 de
309 2205 366 2270 illa
390 2225 525 2288 superna
550 2207 686 2288 quodam
710 2206 803 2271 modo
829 2208 915 2271 curia
939 2207 1074 2291 (geritur
1096 2225 1232 2290 namque
1254 2206 1298 2269 ibi

152 2327 229 2374 cura
252 2310 291 2374 (le
315 2311 420 2393 nobis)
443 2312 482 2376 ad
505 2333 562 2377 nos
581 2313 760 2377 ministrata
778 2333 833 2396 per
852 2314 980 2396 angelos
1000 2317 1109 2376 sancta
1127 2311 1183 2376 illa
1202 2312 1299 2395 scrip-

151 2420 224 2480 tura
257 2417 429 2493 descendit,
463 2419 519 2482 ubi
551 2419 683 2502 legitur:
726 2418 977 2483 Sacrificans
1018 2418 1080 2482 dis
1125 2419 1297 2482 eradiea-

151 2521 274 2601 titur,
298 2523 380 2588 nisi
404 2525 573 2590 Domino
599 2527 689 2591 soli.
716 2526 799 2590 Huic
820 2526 1004 2607 scripturae,
1024 2525 1099 2590 huie
1117 2525 1191 2608 legi,
1211 2543 1297 2606 prae-

151 2628 253 2710 ceptis
276 2629 395 2695 talibus
419 2634 507 2695 tanta
531 2635 607 2696 sunt
625 2631 783 2696 attestata
801 2632 963 2707 miracula,
987 2631 1121 2695 utentis
1141 2637 1297 2714 appareat,

107 2764 132 2802 zo
152 2735 205 2798 cui
232 2754 289 2799 nos
320 2737 489 2801 sacrificari
518 2738 618 2802 uelint
646 2738 829 2803 inmortales
857 2757 893 2802 ac
917 2737 1012 2812 beati,
1046 2738 1101 2819 qui
1123 2718 1184 2802 h'oc
1207 2739 1297 2802 nobis

150 2841 266 2906 uolunt
290 2861 359 2906 esse
385 2842 469 2925 quod
494 2844 564 2908 sibi.

601 3036 738 3102 CAPUT
762 3037 847 3102 VlIl.

149 3175 203 3240 De
227 3177 453 3254 miraculis,
479 3197 578 3259 quae
601 3177 709 3240 Deus
734 3177 780 3241 ad
804 3179 1149 3244 conroborandam
1172 3179 1295 3243 fidem

195 3283 351 3366 piorum
377 3285 498 3348 etiarn
522 3305 591 3367 per
614 3285 850 3368 angelorum
877 3285 1152 3350 ministerium
1177 3304 1259 3368 pro·

105 3423 129 3464 15
333 3391 473 3456 missia
498 3391 583 3456 suis
609 3391 802 3456 adhibere
828 3391 1021 3474 dignatus
1047 3395 1117 3457 est.

238 3529 319 3595 Nam
344 3533 438 3596 nimis
470 3537 580 3596 uetera
603 3533 629 3597 si
654 3550 908 3610 commemorem,
939 3533 1067 3618 longius
1091 3553 1185 3616 quarn
1216 3534 1294 3597 satis

148 3643 198 3703 est
230 3638 395 3702 reuoluere
428 3639 571 3717 tridebor,
604 3659 683 3722 quae
715 3639 868 3704 miracula
899 3640 983 3704 facta
1012 3641 1075 3705 sint
1105 3641 1296 3705 attestantia

239 3858 270 3909 ll
291 3855 335 3910 Ps.
355 3856 398 3921 86,
418 3858 434 3910 3
492 3858 523 3910 17
545 3856 626 3910 111011.
646 3858 689 3921 22,
708 3858 743 3910 20

184 3999 199 4051 7
220 3998 526 4052 001110.210100,0
581 3998 1048 4064 9secrificariubetachomb.;
1067 3999 1217 4052 sacrificare
1228 4015 1296 4067 pao

149 4087 181 4140 10
202 4090 230 4140 ct
249 4103 300 4143 our.
320 4104 334 4140 c
406 4089 437 4140 11
459 4087 501 4140 oui
520 4104 605 4155 usque
625 4087 663 4141 ud
681 4087 734 4140 Dei
754 4087 770 4140 l.
792 4091 826 4141 12
845 4103 928 4141 cuae
1019 4087 1214 4156 gloriosissima
1232 4101 1294 4141 urea

141 4181 257 4244 praeter
276 4177 301 4243 l;
319 4177 438 4246 gloriosa
457 4177 491 4230 lo
567 4178 598 4230 14
618 4177 705 4246 adque
724 4177 810 4231 omo
895 4176 1041 4230 lencona
1114 4178 1146 4230 15
1166 4177 1292 4244 namque]

145 4281 253 4334 unaque
273 4265 317 4319 ab
381 4266 414 4318 16
434 4281 563 4318 curense
619 4266 650 4319 18
671 4264 720 4318 deo
742 4265 781 4318 be
853 4265 900 4318 tal.
920 4281 1041 4335 praeco
1095 4266 1130 4319 20
1149 4264 1294 4318 sacrificari

145 4369 222 4422 ruac.;
241 4355 390 4408 sacrificare
409 4371 424 4409 0
479 4355 513 4408 26
533 4355 599 4408 satis
619 4371 729 4423 0000,Ι
748 4357 791 4407 sat
809 4355 867 4408 rell.
887 4371 902 4407 0
921 4354 1020 4409 Domo.
