3136 4928
636 419 663 470 S.
691 417 849 471 Aurelii
877 417 1095 487 Augustini

751 613 888 680 CAPUT
911 613 980 678 XII.

296 757 349 820 De
368 755 595 832 miraculis,
616 775 715 838 quae
733 774 803 838 per
822 761 1052 820 sanctorum
1072 756 1307 840 angelorum
1328 756 1437 820 mini-

530 863 700 927 sterium
725 862 831 927 Deus
855 881 976 926 uerus
1000 866 1205 946 operatur.

338 1005 454 1069 Verum
480 1004 554 1086 quia
576 1007 665 1068 tanta
689 1007 720 1068 et
743 1003 821 1068 talia
844 1006 996 1088 geruntur
1019 1005 1068 1069 his
1093 1004 1225 1082 artibus,
1249 1009 1286 1068 ut
1315 1005 1438 1069 uniuer-

294 1131 365 1176 sum
389 1111 518 1176 modum
548 1111 704 1174 humanae
732 1109 895 1174 facultatis
926 1111 1089 1176 excedant:
1128 1109 1203 1193 quid
1235 1113 1347 1186 restat,
1380 1109 1438 1175 nisi
1468 1135 1479 1176 a

292 1223 328 1284 ut
366 1237 412 1296 ea,
446 1236 526 1299 quae
556 1215 688 1281 mirifice
726 1219 888 1298 tamquam
922 1216 1078 1280 diuinitus
1111 1216 1249 1300 praedici
1286 1218 1340 1282 uel
1373 1217 1437 1281 fieri

293 1325 442 1389 uidentur
475 1342 531 1387 nac
569 1327 674 1387 lamen
708 1323 749 1386 ad
784 1323 880 1388 unius
913 1323 972 1387 Dei
1010 1323 1131 1387 cultum
1165 1325 1356 1399 referuntur,
1390 1324 1439 1388 oui

294 1429 481 1514 simpliciter
521 1431 680 1495 inhaerere
722 1429 895 1494 fatentibus
938 1450 1063 1513 quoque
1100 1431 1274 1496 Platonicis
1318 1435 1351 1496 et
1386 1449 1440 1513 per

293 1538 395 1602 multa
422 1536 614 1600 testantibus
648 1536 751 1600 solum
785 1535 967 1600 beatificum
994 1536 1112 1601 bonum
1141 1540 1199 1614 est,
1228 1537 1438 1622 malignorum

293 1645 481 1708 daemonum
523 1642 660 1706 ludibria
702 1646 734 1706 et
770 1641 949 1707 seductoria
985 1641 1206 1724 inpedimenta,
1244 1663 1324 1724 quae
1367 1663 1440 1708 uera
1458 1671 1477 1708 n

294 1750 412 1832 pietate
442 1748 580 1814 cauenda
612 1751 695 1824 sunt,
724 1748 895 1831 prudenter·
927 1748 1170 1832 intellegantur?
1207 1749 1304 1813 Porro
1334 1753 1440 1814 autem

294 1874 510 1939 quaecumque
552 1855 704 1919 miracula
745 1855 814 1920 siue
855 1875 911 1937 per
956 1855 1085 1938 angelos
1130 1855 1199 1920 siue
1240 1875 1440 1939 quocumque

296 1963 387 2027 modo
422 1962 467 2026 ita
499 1961 652 2026 diuinitus
685 1960 774 2036 fiunt,
804 1963 841 2024 ut
867 1961 927 2026 Dei
956 1961 1062 2038 unius,
1091 1961 1123 2024 iu
1151 1978 1213 2044 quo
1247 1963 1315 2027 solo
1349 1963 1440 2028 beata

294 2070 362 2134 uita
403 2074 462 2145 est,
501 2070 623 2132 cultum
664 2069 911 2152 religionemque
949 2068 1178 2145 commendent,
1216 2088 1253 2134 ea
1290 2087 1364 2134 uere
1402 2070 1438 2133 ab

297 2176 342 2240 eis
371 2176 423 2240 uel
454 2195 509 2258 per
541 2193 605 2251 eos,
639 2175 693 2257 qui
725 2195 782 2240 nos
816 2174 988 2240 secundum
1021 2175 1190 2240 ueritatem
1224 2176 1438 2260 pietatemque
1456 2205 1476 2244 n

295 2283 442 2367 diligunt,
466 2282 533 2346 fieri
557 2283 627 2364 ipso
647 2281 713 2346 Deo
737 2281 768 2344 in
788 2281 853 2346 illis
873 2285 1019 2364 operante
1039 2281 1228 2346 credendum
1249 2288 1306 2350 est
1331 2283 1438 2365 Neque

295 2388 378 2452 enim
402 2385 549 2451 audiendi
575 2391 658 2464 sunt,
684 2387 736 2469 qui
761 2386 863 2450 Deum
888 2385 1083 2450 inuisibilem
1115 2387 1257 2452 uisibilia
1287 2389 1438 2454 miracula

296 2494 415 2578 operari
440 2497 565 2576 negant,
591 2513 663 2558 oum
688 2493 755 2574 ipse
780 2493 875 2556 etiam
901 2492 1074 2556 seeundum
1099 2493 1185 2575 ipsos
1215 2495 1324 2559 lecerit
1351 2515 1437 2559 muu-

296 2602 382 2680 dum,
412 2620 503 2684 quem
539 2605 622 2664 certe
653 2599 814 2662 uisibilem
845 2618 959 2683 negare
992 2618 1053 2663 nou
1086 2606 1230 2682 possunt.
1278 2600 1435 2684 Quidquid

295 2709 394 2794 igitur
417 2707 561 2770 mirabile
585 2706 621 2769 fit
643 2706 674 2770 in
703 2706 761 2770 hoc
790 2705 919 2783 mundo,
953 2707 1095 2788 profecto
1128 2709 1232 2771 minus
1265 2713 1315 2773 est
1346 2729 1475 2791 quamn
1554 2745 1555 2754 κ

296 2819 384 2880 totus
408 2813 459 2878 hio
483 2813 631 2889 mundus,
656 2812 688 2876 id
712 2817 761 2877 est
785 2812 907 2876 caelum
933 2817 964 2876 et
987 2817 1071 2878 terra
1099 2819 1131 2879 et
1159 2815 1265 2878 omnia
1297 2835 1376 2898 quae
1407 2817 1435 2880 in

297 2922 342 2986 eis
368 2925 452 2998 sunt,
477 2939 557 3004 quae
581 2924 664 2984 certe
688 2919 776 2984 Deus
800 2919 886 2984 fecit.
922 2920 1013 2985 Sicut
1035 2926 1143 2986 autem
1169 2922 1238 3004 ipse
1267 2923 1322 3004 qui
1354 2923 1435 2994 fecit,

296 3029 341 3092 ita
365 3027 478 3092 modus
503 3045 565 3110 quo
589 3027 666 3090 fecit
690 3027 835 3092 occultus
860 3030 957 3092 estet
975 3027 1290 3110 inconprehensibilis
1310 3029 1435 3094 homini.

298 3135 450 3214 Quamuis
474 3133 580 3215 itaque
605 3133 755 3198 miracula
778 3133 955 3198 uisibilium
989 3138 1170 3199 naturarum
1203 3137 1330 3200 uidendi
1359 3137 1435 3200 adsi·

297 3242 417 3306 duitate
441 3241 602 3318 uiluerint‚
626 3246 742 3316 tamen,
767 3259 840 3304 oum
865 3259 901 3304 ea
924 3242 1081 3324 sapienter
1108 3241 1279 3320 intuemur,
1309 3244 1434 3308 inusita-
1450 3269 1472 3308 n

295 3347 429 3411 tissimis
454 3347 687 3428 rarissimisque
711 3347 831 3411 maiora
853 3351 936 3412 sunt.
980 3347 1060 3412 Nam
1094 3352 1126 3413 et
1158 3350 1243 3414 omni
1274 3350 1434 3415 miraculo.

298 3454 382 3536 quod
401 3453 437 3516 fit
455 3473 510 3534 per
529 3455 698 3526 hominem,
719 3455 822 3518 maius
842 3455 1030 3519 miraculum
1050 3459 1100 3519 eat
1117 3456 1223 3520 homo.
1243 3454 1436 3540 Quapropter

298 3559 395 3638 Deus,
420 3559 474 3641 qui
501 3559 577 3623 fecit
608 3559 748 3624 uisibilia
782 3561 904 3624 caelum
938 3563 970 3625 et
1001 3565 1126 3634 terram,
1159 3582 1219 3627 nou
1252 3561 1436 3648 dedignatur

297 3665 398 3730 facere
423 3665 563 3730 nisibilia
587 3666 739 3731 miracula
762 3667 793 3730 in
818 3669 905 3732 caelo
930 3667 982 3732 uel
1007 3671 1097 3746 terra,
1122 3669 1237 3751 quibus
1262 3669 1301 3734 ad
1332 3689 1365 3735 se
1393 3669 1434 3733 in·

297 3772 458 3836 uisibilem
482 3773 648 3836 colendum
668 3774 783 3838 excitet
802 3775 938 3838 animam
959 3774 1061 3839 adhue
1081 3776 1265 3840 nisibilibus
1284 3777 1432 3843 deditam:
1449 3803 1470 3842 ro

334 3962 448 4014 lunius
467 3962 525 4015 ueri
544 3961 588 4016 dei
607 3979 625 4015 a
687 3964 902 4019 8edhaererea
965 3965 1243 4021 9testificantibuse
1309 3969 1341 4021 12
1359 3968 1432 4020 rnira·
1550 3955 1551 4035 l

298 4050 609 4121 cula....quooumqne
628 4069 679 4106 om.
698 4054 726 4106 b¹
784 4055 815 4108 16
835 4055 884 4108 deo
903 4055 958 4109 illis
977 4057 1158 4126 imperantes
1213 4057 1246 4110 18
1266 4057 1338 4126 cum]
1359 4058 1401 4126 qni
1419 4053 1432 4106 d

299 4141 329 4192 21
351 4145 450 4192 terram
469 4157 482 4193 a
560 4141 647 4194 uerba
666 4146 694 4196 et
713 4143 804 4196 omnia
821 4161 906 4212 usque
925 4145 963 4197 ad
981 4145 1068 4198 lacere
1088 4146 1105 4198 l.
1126 4148 1166 4198 29
1182 4161 1233 4200 om.
1254 4161 1273 4199 a
1345 4147 1378 4198 25
1395 4145 1432 4198 in·

297 4229 407 4281 usitatis
426 4229 623 4297 rarissimisque
642 4235 762 4285 m.2ec
780 4233 1049 4304 inusitatissimisque
1068 4250 1179 4294 eorm
1233 4235 1267 4287 26
1286 4232 1431 4304 rarisqued

298 4318 332 4370 29
351 4317 396 4370 uel
415 4319 487 4370 terra
506 4334 524 4370 a
534 4318 557 4369 e¹
569 4319 579 4371 l
589 4319 632 4371 alc
650 4320 764 4387 Dornt.;
784 4325 811 4374 et
824 4325 897 4374 terra
909 4339 937 4388 o;
956 4322 999 4375 uel
1014 4323 1040 4376 in
1055 4326 1129 4377 terra
1143 4321 1233 4390 be²v,·
1251 4327 1280 4376 et
1293 4323 1321 4376 in
1336 4327 1404 4376 terra
1413 4337 1431 4388 p
