3136 4928
282 465 348 532 470
628 467 654 521 S.
683 465 840 518 Aurelii
867 453 1112 534 Augustini

282 661 414 728 modum
437 680 496 726 suo
520 661 665 746 Lycurgo
689 660 941 740 Lacedaemonii,
966 659 1052 742 quod
1075 660 1187 724 aloue
1206 659 1431 742 seu'Apolline
1547 645 1548 662 ¹

281 767 379 851 leges,
400 785 478 849 quas
499 766 648 846 condidit,
669 767 852 850 accepisset.
877 764 958 831 Cum
977 766 1059 830 enim
1079 767 1129 829 lex
1148 764 1283 829 dabatur
1300 767 1431 850 populo,
1547 783 1548 852 ξ

283 893 345 956 qua
370 873 432 938 coli
459 893 541 938 unus
574 873 742 938 iubebatur
775 873 872 952 Deus,
904 872 936 936 in
970 876 1142 954 conspeetu
1174 871 1276 954 ipsius
1309 873 1430 956 populi,
1547 876 1548 934 l

282 983 435 1063 quantum
468 980 613 1046 sufficere
652 980 759 1045 diuino
789 979 989 1062 prouidentia
1020 979 1192 1057 iudicabat,
1229 979 1431 1044 mirabilibus

281 1105 386 1151 rerum
410 1085 510 1170 signis
534 1091 566 1150 et
588 1087 729 1151 motibus
753 1086 923 1169 apparebat
947 1087 985 1150 ad
1010 1086 1140 1150 eandem
1164 1088 1269 1170 legem
1296 1085 1429 1150 dandam
1458 1108 1470 1146 r

283 1195 415 1259 creatori
440 1195 558 1258 seruire
584 1197 769 1258 creaturam.

724 1384 860 1451 CAPUT
884 1386 986 1451 XIIII.

283 1530 337 1594 De
360 1547 439 1594 uno
465 1529 544 1593 Deo
570 1527 741 1593 colendo
775 1547 847 1592 non
883 1528 1013 1593 solum
1046 1531 1217 1610 propter
1250 1531 1427 1604 aeterna,

284 1636 352 1700 aad
377 1636 500 1700 etiam
523 1638 691 1718 propter
713 1634 960 1717 temporalia
982 1633 1204 1712 beneficia,
1229 1635 1326 1716 quia
1349 1636 1428 1700 nni-

282 1761 403 1807 ucrsa
421 1743 458 1806 in
478 1742 613 1826 ipsius
633 1739 923 1823 prouidentiae
942 1743 1154 1822 potestate
1178 1742 1425 1806 consistunt.
1446 1767 1467 1806 ιο

328 1883 419 1949 Siout
442 1887 550 1948 autem
573 1882 668 1948 unius
692 1882 840 1959 hominis,
865 1881 910 1946 ita
940 1881 1071 1947 humani
1104 1882 1238 1965 generis,
1273 1881 1358 1965 quod
1390 1883 1427 1946 ad

283 1991 343 2056 Dei
366 1992 520 2074 populum
545 1990 691 2074 pertinet,
720 1993 806 2053 recta
839 1989 973 2054 eruditio
1006 2008 1061 2071 per
1091 1989 1243 2070 quosdam
1278 1989 1426 2054 articulos

283 2102 462 2180 temporum
485 2100 648 2179 tamquam
672 2099 810 2160 aetatum
840 2094 974 2177 profecit
1006 2095 1199 2171 accessibus,
1232 2098 1270 2159 ut
1301 2115 1320 2158 a
1350 2101 1428 2159 tem-

283 2204 446 2286 poralibus
471 2204 510 2268 ad
534 2208 660 2268 aeterna
684 2202 835 2284 capienda
859 2204 890 2266 et
918 2221 936 2265 a
967 2201 1151 2266 uisibilibus
1185 2201 1223 2266 ad
1254 2202 1429 2266 inuisibilia

284 2314 479 2394 surgeretur;
504 2312 549 2373 ita
573 2328 647 2372 sane
672 2313 707 2373 ut
731 2308 826 2372 etiam
851 2309 906 2372 illo
930 2311 1082 2391 tempore,
1109 2327 1170 2390 quo
1194 2308 1337 2373 uisibilia
1359 2328 1427 2392 pro·
1444 2329 1466 2367 a

282 2416 492 2480 mittebantur
515 2416 668 2480 diuinitus
692 2415 840 2497 praemia,
865 2433 948 2479 unus
971 2417 1077 2479 tamen
1101 2415 1251 2479 colendus
1271 2434 1428 2479 commen-

284 2523 410 2587 daretur
434 2523 531 2598 Deus,
556 2541 593 2586 ne
617 2541 706 2585 mens
730 2522 868 2586 humana
894 2522 948 2584 uel
976 2540 1031 2604 pro
1063 2521 1143 2604 ipsis
1175 2521 1309 2586 terrenis
1343 2522 1427 2585 uitae

283 2629 484 2694 transitoriae
507 2629 668 2694 beneficiis
693 2629 839 2710 cuiquam
874 2627 935 2692 nisi
968 2647 1044 2693 uero
1078 2629 1199 2694 animae
1232 2627 1365 2692 creatori
1398 2631 1427 2691 et

284 2736 408 2800 domino
433 2736 631 2801 subderetur.
675 2735 788 2800 Omnia
811 2737 936 2818 quippe,
963 2753 1041 2818 quae
1064 2738 1222 2818 praestare
1246 2735 1427 2800 homiuibus

283 2842 336 2906 uel
359 2843 462 2926 angeli
486 2843 538 2906 uel
562 2842 705 2905 homines
729 2845 872 2923 possunt,
901 2842 933 2906 in
961 2843 1056 2908 unius
1090 2861 1159 2908 esse
1193 2841 1426 2926 Omnipotentis
1442 2864 1464 2902 a

283 2951 441 3032 potestate
480 2949 625 3031 quisquis
663 2948 825 3026 diffitetur,
858 2949 985 3013 insanit.
1032 2950 1080 3015 De
1111 2949 1312 3032 prouidentia
1345 2954 1426 3013 certe

283 3055 429 3119 Plotinns
453 3055 637 3119 Platonicos
662 3054 804 3137 disputat
828 3073 961 3137 eamque
986 3075 1003 3119 a
1027 3075 1152 3121 summo
1171 3057 1250 3136 Deo,
1270 3056 1361 3121 cuius
1380 3059 1427 3119 est

282 3162 502 3246 intellegibilis
540 3161 642 3243 adque
679 3160 847 3226 ineffabilis
884 3162 1099 3246 pulchritudo,
1136 3182 1238 3245 usque
1276 3163 1315 3228 ad
1352 3163 1424 3226 haec

283 3272 408 3332 terrena
431 3267 549 3332 etima
572 3268 749 3352 pertingere
772 3269 975 3335 flosculorum
1001 3268 1103 3351 adque
1125 3268 1272 3334 foliorum
1294 3269 1424 3352 pnlohri-

284 3374 393 3438 tudine
418 3374 602 3457 conprobat:
637 3394 716 3457 quae
751 3376 856 3440 omnia
888 3375 978 3457 quasi
1011 3374 1133 3440 abiecta
1164 3379 1195 3440 et
1227 3377 1462 3441 uelocissimos

284 3481 448 3564 pereuntia
467 3482 707 3548 decentissimos
728 3483 898 3546 formarum
919 3501 1047 3546 suarum
1067 3501 1214 3547 numeros
1234 3483 1349 3547 habere
1367 3501 1421 3546 non

284 3607 376 3669 posse
402 3587 574 3666 confirmat,
600 3589 662 3653 nisi
684 3589 756 3652 inde
780 3590 964 3665 formentur,
994 3589 1050 3652 ubi
1076 3589 1176 3653 forma
1209 3589 1422 3673 intellegibilis

373 3797 407 3848 22
426 3795 494 3850 ldnn.
516 3796 565 3860 III,
586 3798 610 3860 2,
632 3798 665 3850 13

321 3919 478 3990 llygurgo
499 3938 553 3988 ae;
572 3922 717 3992 lylfgurgo
736 3922 918 3990 superscripto
938 3941 959 3976 s.
978 3921 1080 3992 regib
1171 3923 1229 3976 siue
1250 3939 1268 3975 a
1359 3926 1424 3978 iet

285 4009 636 4076 <cbelp35achomb
703 4012 903 4064 llitaom.e
963 4013 995 4064 13
1015 4010 1153 4080 proficite
1208 4012 1242 4065 15
1260 4015 1384 4081 surgeret
1400 4027 1423 4076 e,-

284 4101 445 4167 suggeretur
464 4099 494 4152 αι
550 4101 582 4153 16
601 4101 704 4169 tumen]
724 4103 829 4154 tantum
844 4099 956 4156 Demb.¹
1011 4099 1044 4153 18
1064 4100 1188 4168 cuiquam
1207 4115 1258 4156 om.
1275 4117 1294 4154 a
1364 4115 1422 4154 uero

284 4199 335 4239 om.
356 4204 373 4236 α
453 4192 481 4240 et
500 4188 600 4254 belp;
619 4205 649 4240 ao
667 4205 706 4240 oc
724 4188 823 4242 Domb.
906 4193 935 4241 et
953 4187 1061 4241 domino
1081 4205 1132 4244 ooo.
1153 4205 1172 4242 α
1234 4189 1269 4244 20
1289 4188 1422 4258 Omnipot.

284 4289 335 4327 orne.
354 4273 381 4327 b¹
435 4276 468 4328 21
490 4275 590 4329 diffidit
604 4293 667 4344 epa
721 4278 755 4330 22
774 4277 926 4346 platonicus
942 4277 1061 4346 plotinus
1074 4294 1101 4344 e;
1116 4277 1236 4347 plotinus
1250 4275 1421 4348 philosophus

284 4361 468 4429 platonicusa
539 4362 701 4431 platonisb²
756 4366 790 4418 24
809 4365 1128 4434 pulchr.]fortitudinee
1193 4367 1227 4418 27
1246 4365 1421 4436 inintellega
