3136 4934
272 411 336 473 438
623 405 649 460 S.
678 403 835 459 Aurelii
862 404 1077 474 Augustini

274 602 409 680 inflat,
440 602 592 666 oaritas
623 619 718 666 uero
753 600 967 676 aedificem
1001 601 1085 683 quod
1117 605 1203 664 reete
1236 600 1328 664 aliter
1360 619 1420 664 non

272 708 479 792 intellegitur,
504 707 566 771 nisi
590 707 756 772 seientiam
781 712 857 771 tune
880 706 1041 788 prodesse,
1070 726 1142 771 oum
1176 707 1290 800 cantas
1323 705 1419 782 inest3

273 815 341 879 sine
365 813 425 878 hae
449 816 555 878 autem
579 813 696 893 inflare,
721 813 754 878 id
779 815 882 879 estin
907 813 1088 897 superbiam
1105 814 1310 878 inanissimae
1331 814 1422 895 quasi

273 920 477 986 uentositatis
502 920 662 986 extollere.
695 922 754 986 list
777 941 850 1005 ergo
883 921 915 985 in
949 921 1157 986 daemonibus
1190 921 1325 985 seientia
1355 921 1421 984 sine

275 1029 418 1103 caritate,
444 1031 476 1092 et
498 1027 568 1092 ideo
593 1031 659 1091 tem
687 1028 798 1102 inflati,
831 1029 891 1093 boe
925 1031 975 1093 est
1006 1032 1072 1092 tarn
1105 1027 1233 1109 superbi
1266 1031 1353 1106 sunt,
1385 1031 1421 1090 ut
1449 1047 1466 1090 s

273 1137 407 1200 honores
446 1134 570 1199 diuinos
611 1137 643 1199 et
679 1135 842 1219 religionis
879 1136 1079 1213 seruitutem,
1119 1153 1213 1216 quam
1245 1153 1321 1199 uero
1356 1133 1421 1197 Deo

273 1242 379 1306 deberi
405 1242 521 1316 sciunt,
548 1241 607 1306 sibi
633 1242 711 1306 satis
737 1243 858 1326 egerint
882 1241 1031 1320 exbiberi,
1056 1247 1088 1306 et
1111 1245 1263 1323 quantum
1287 1243 1423 1321 possunt

273 1351 351 1432 aput
374 1367 453 1430 quos
477 1351 612 1431 possunt
635 1348 738 1413 adhue
763 1351 867 1431 agant.
892 1347 1009 1414 Contra
1031 1349 1211 1431 superbiam
1235 1365 1328 1430 porro
1353 1347 1422 1410 dne·

273 1474 414 1531 monum,
439 1474 501 1537 qua
524 1474 580 1537 pro
605 1455 727 1519 meritis
755 1454 979 1535 possidebatur
1011 1473 1112 1538 genus
1144 1455 1330 1528 humanum,
1364 1452 1421 1516 Dei

273 1561 447 1642 humilitas,
473 1579 553 1642 quae
577 1560 608 1624 in
629 1559 755 1626 Christo
775 1561 931 1642 apparuit,
952 1565 1102 1643 quantam
1122 1561 1273 1624 uirtutem
1295 1559 1419 1636 habeat,
1440 1584 1470 1624 ro

275 1669 396 1731 animae
420 1667 586 1732 hominum
609 1667 757 1732 nesciunt
780 1667 971 1732 inmunditia
1003 1667 1149 1734 elationis
1181 1666 1319 1744 inflatae,
1354 1667 1422 1730 dae·

274 1773 422 1838 monibus
447 1774 580 1852 similes,
605 1794 666 1840 non
692 1774 826 1840 seientia
849 1775 905 1838 sed
929 1774 1085 1855 superbia.

724 1966 861 2032 CAPUT
885 1968 969 2032 XXI.

303 2107 358 2172 Ad
383 2127 495 2190 quem
520 2108 675 2174 modum
700 2109 896 2174 Dominus
920 2109 1107 2174 uoluerit
1132 2109 1400 2174 daemonibus

699 2217 994 2281 innotescere.
1444 2244 1470 2284 rs

318 2356 386 2438 Ipsi
404 2361 511 2422 autern
531 2356 699 2421 daemones
721 2357 816 2422 etiam
837 2357 896 2422 boo
915 2357 960 2421 ite
979 2357 1094 2435 sciunt,
1114 2361 1151 2421 ut
1170 2356 1273 2421 eidem
1285 2357 1423 2422 Domino

275 2462 456 2528 infirmitate
477 2464 577 2528 earnis
596 2463 707 2529 induto
728 2464 873 2528 dixerint:
901 2463 1004 2542 Quid
1027 2463 1144 2528 nobis
1168 2467 1206 2528 et
1224 2463 1315 2544 tibi,
1330 2465 1426 2528 Iesu

276 2569 501 2634 Nazarene?
544 2571 708 2635 Venisti
732 2570 901 2652 perdere
929 2575 1020 2636 nos?
1064 2569 1189 2634 Clarum
1224 2574 1274 2635 est
1306 2571 1338 2634 iu
1372 2569 1425 2634 bis

275 2677 391 2754 uerbis,
418 2677 501 2759 quod
524 2677 556 2741 in
581 2678 626 2741 eis
651 2679 683 2742 et
705 2680 794 2741 tanta
818 2678 952 2743 scientia
975 2680 1051 2756 erat,
1077 2680 1109 2741 et
1132 2677 1246 2742 caritas
1265 2697 1327 2742 non
1348 2679 1427 2742 erat.

274 2783 412 2848 Poenam
437 2803 527 2848 suam
547 2785 663 2866 quippe
682 2784 895 2848 formidabant
914 2784 951 2848 ab
971 2784 1038 2863 illo,
1058 2803 1117 2848 non
1139 2783 1170 2847 in
1189 2783 1245 2848 illo
1265 2783 1427 2847 iustitiam
1446 2813 1474 2853 ω

275 2890 458 2974 diligebant.
483 2891 619 2955 Tantum
644 2910 718 2956 uero
744 2891 790 2954 eis
814 2891 961 2968 innotuit,
987 2894 1140 2972 quantum
1159 2890 1277 2966 uoluit;
1298 2895 1426 2953 tanturn

275 2999 380 3061 autem
400 2996 515 3074 uoluit
536 3004 689 3079 quantum
710 2998 860 3080 oportuit.
885 2997 947 3061 Sed
965 2998 1104 3062 innotuit
1123 3016 1183 3062 non
1204 2997 1289 3061 sieut
1303 2995 1428 3081 angelis

367 3259 399 3311 17
419 3257 467 3310 ur.
489 3259 512 3324 1,
532 3259 579 3323 aa
598 3258 647 3314 ut.
668 3259 693 3323 a,
713 3259 747 3312 ae

311 3381 432 3478 dhaet*
501 3425 687 3482 4Estom.l
763 3427 900 3497 inorrup
974 3428 1181 3496 bidestpsv
1253 3426 1428 3480 ddiuinise

276 3514 1088 3586 isatisegerintOabelpsalrfDoar-b.;sategerinto
1143 3516 1289 3570 exiberiel
1325 3516 1428 3586 Sapua

276 3620 343 3671 quos
366 3607 481 3672 possunt
504 3622 554 3661 om.
575 3605 602 3658 b¹
698 3610 764 3676 aput
785 3606 891 3674 anl;
919 3611 947 3661 et
966 3606 1238 3678 epudpeuDomb.
1339 3613 1427 3675 agant

279 3692 930 3765 OlpefDomb.;agents;eguntabelcv
988 3695 1342 3767 10qupeequieors.0
1395 3695 1425 3748 in

275 3781 375 3835 christo
393 3781 417 3836 0
425 3799 438 3836 e
448 3783 484 3853 lp
494 3800 507 3836 s
518 3783 573 3836 aar
586 3787 609 3847 f
621 3783 734 3852 Domb.‚·
747 3785 775 3837 in
793 3785 878 3838 forma
893 3785 964 3839 serui
980 3803 998 3838 a
1009 3787 1024 3839 b
1034 3785 1087 3840 lr¹u
1150 3785 1291 3854 quantam]
1308 3801 1389 3853 quarn
1406 3801 1426 3836 a
1562 3761 1563 3841 d

277 3871 308 3922 12
337 3888 390 3924 non
418 3872 532 3925 scientia
559 3872 606 3926 sed
635 3873 761 3942 superbie
782 3874 817 3940 C;
844 3875 971 3942 superbia
997 3892 1051 3928 non
1074 3874 1187 3928 seientia
1209 3873 1269 3927 rell.
1288 3889 1305 3926 a
1323 3872 1426 3927 Domb.

275 3975 297 4012 e.
312 3959 375 4012 XXI
393 3975 522 4014 astruemus
541 3961 755 4028 ademptumst
776 3962 868 4016 nerbas
887 3962 904 4016 1.
924 3967 975 4016 18:
995 3961 1102 4016 Clarum
1122 3965 1172 4025 est,
1195 3961 1219 4014 0
1278 3963 1310 4014 14
1330 3978 1428 4029 quem-
1561 3969 1562 3986 ¹

276 4047 475 4110 arnmodumO
563 4050 682 4102 noluerit
696 4067 718 4118 p
792 4053 824 4104 15
844 4051 1007 4105 innotiecere
1021 4068 1043 4120 p
1112 4051 1145 4105 16
1165 4051 1246 4104 eliam
1264 4067 1325 4119 sup.
1345 4050 1431 4104 lirul

275 4135 378 4188 idernl
469 4135 501 4191 18
530 4155 693 4192 neaorerres
800 4139 935 4192 naherene
955 4141 1055 4193 uenisti
1073 4141 1196 4193 milia
1214 4155 1271 4193 ras.
1291 4157 1304 4192 e
1323 4139 1429 4194 uenisti

279 4225 429 4292 Cabeps
446 4225 562 4290 Domb.‚·
580 4227 679 4280 uenisti
700 4231 764 4281 ante
783 4231 890 4297 tempus
909 4227 977 4282 e²lo
1061 4229 1096 4283 20
1124 4229 1223 4298 quippe
1242 4243 1318 4281 susm
1338 4229 1429 4296 alpe

276 4315 304 4366 iu
324 4330 374 4368 oua¹
399 4312 430 4365 0¹

1556 4759 1559 4869 l
