3072 4930
327 447 377 500 De
406 445 580 501 ciuitate
609 447 670 502 dei
697 448 764 503 lib.
792 447 857 502 1111.
887 465 961 520 cap.
993 449 1097 506 15.16.
1218 455 1280 518 183

121 641 277 725 partibus
306 641 514 706 inuocantur?
555 641 695 706 Haberet
721 641 772 705 hic
801 645 908 706 autem
937 643 1032 708 otiam
1059 643 1115 708 ille
1143 643 1281 728 aliquam

122 751 268 829 partem,
283 747 311 812 si
325 748 471 832 Regnum
486 747 582 812 etiam
600 748 669 832 ipse
689 749 910 832 appellaretur,
927 747 1013 814 sicut
1031 752 1210 833 appellatur
1227 751 1283 816 illa

124 853 286 919 Victoria.
310 855 376 919 Aut
395 854 423 918 si
441 873 574 938 regnum
593 874 709 920 munus
730 857 780 920 est
797 855 895 934 Iouis,
916 876 997 939 quur
1016 875 1076 922 non
1096 861 1128 922 et
1145 857 1281 922 uictoria

122 981 251 1026 munus
276 961 344 1026 eius
368 961 542 1026 habeatur?
580 959 672 1041 Quod
694 963 836 1044 proiecto
861 962 1040 1043 haberetur,
1065 963 1092 1029 si
1116 983 1176 1029 non
1197 964 1280 1047 lapis

91 1069 158 1132 sin
191 1067 364 1152 Capitolio,
389 1067 445 1132 sed
471 1086 567 1132 uerus
594 1087 646 1132 rex
674 1087 786 1152 regum
815 1071 847 1132 et
875 1067 1021 1134 dominus
1051 1068 1280 1136 dominantium

124 1177 379 1260 cognosceretur
403 1173 504 1256 adque
528 1175 693 1240 coleretur.

584 1417 720 1486 CAPUT
744 1419 826 1484 XVI.

125 1551 1015 1662 QuidfueritquodRomaniomnibus'rebus
1036 1585 1074 1645 et
1093 1572 1279 1646 omnibus

125 1687 317 1753 motibus
347 1687 443 1750 deos
467 1687 657 1771 singulos
682 1686 927 1770 deputantes
952 1686 1088 1752 aedem
1113 1685 1278 1767 Quietis

83 1817 108 1856 10
388 1787 499 1858 ertr'a
521 1793 661 1874 portas
686 1809 774 1856 esse
799 1791 1030 1857 uoluerunt.

171 1952 277 2017 Miror
303 1953 409 2017 autem
439 1951 624 2033 plurimum,
649 1949 743 2034 quod,
768 1969 839 2014 eum
869 1950 945 2017 deos
973 1951 1117 2035 singulos
1146 1951 1281 2036 singulis

125 2059 226 2124 rebus
265 2061 298 2122 et
333 2077 432 2142 paene
470 2057 607 2142 singulis
643 2059 784 2123 motibus
826 2057 1051 2132 adtribuerent,
1088 2060 1282 2122 uocauerunt

126 2165 223 2230 deam
242 2163 443 2249 Agenoriam,
464 2182 543 2246 quae
567 2163 605 2226 ad
629 2163 785 2248 agendum
810 2165 968 2243 excitaret,
989 2163 1080 2228 deam
1099 2163 1281 2243 Stimulam,

127 2289 212 2354 quae
242 2269 282 2334 ad
310 2268 466 2354 agendum
499 2269 584 2333 ultra
615 2269 745 2333 modum
779 2270 969 2349 stimularet,
997 2269 1089 2334 deam
1115 2267 1281 2346 Murciam,

84 2401 108 2440 a
127 2395 212 2460 quae
236 2375 513 2458 praetermodum
537 2395 598 2440 non
622 2380 767 2442 moueret
790 2395 825 2440 ac
849 2375 968 2440 iaceret
989 2375 1158 2452 bominem,
1179 2379 1216 2440 ut
1238 2375 1282 2440 ait

126 2483 339 2566 Pomponius,
358 2483 547 2562 murcidum,
566 2483 600 2548 id
624 2488 672 2549 est
690 2483 784 2548 nimis
803 2482 999 2550 desidiosum
1019 2486 1051 2548 et
1068 2483 1280 2560 inactuosum,

127 2591 222 2656 deam
251 2589 420 2668 Streniam,
449 2608 527 2671 quae
555 2590 673 2655 laceret
704 2595 880 2667 strenuum,
908 2590 958 2656 bis
992 2589 1138 2655 omnibus
1172 2589 1220 2654 dis
1249 2592 1282 2654 et

127 2699 250 2764 deabus
275 2697 404 2780 publica
427 2715 515 2762 saera
538 2697 639 2762 iacere
664 2700 881 2782 susceperunt,
907 2694 1053 2775 Quietem
1077 2715 1151 2762 uero
1176 2695 1282 2779 appel-

127 2806 244 2882 lantes,
267 2824 347 2888 quae
370 2803 489 2869 faceret
512 2802 665 2886 quietum,
687 2822 758 2867 cum
779 2803 887 2867 aedem
906 2803 1036 2868 baberet
1055 2807 1141 2868 extra
1157 2805 1281 2886 portam

86 2935 110 2973 2⁰
129 2911 300 2988 Collinam,
324 2911 451 2996 publice
474 2911 563 2975 illam
588 2910 749 2992 suscipere
773 2911 952 2976 noluerunt.
991 2911 1105 2976 Utrum
1128 2909 1280 2974 indicium

128 3018 191 3083 luit
215 3018 313 3082 animi
335 3017 481 3100 inquieti,
511 3037 547 3082 an
571 3015 679 3100 potius
703 3017 749 3080 ita
777 3016 990 3102 significatum
1022 3019 1081 3094 est,
1111 3017 1163 3100 qui
1191 3015 1279 3081 illam

128 3125 256 3190 turbam
291 3125 392 3190 colere
423 3124 642 3206 perseueraret
674 3143 733 3189 non
767 3123 859 3206 plane
893 3124 1034 3203 deorum,
1068 3122 1122 3188 sed
1156 3123 1280 3188 daemo-

129 3233 267 3312 niorum,
288 3251 360 3296 eum
385 3232 524 3314 quietem
548 3231 664 3296 habere
684 3250 743 3296 non
764 3233 880 3314 posse?
900 3230 938 3296 ad
958 3251 1052 3315 quam
1072 3234 1167 3297 uocat
1184 3250 1279 3295 uerus

130 3339 275 3404 medicus
314 3337 436 3402 dicens:
470 3335 633 3403 Discite
666 3357 684 3402 a
716 3357 782 3412 me,
817 3339 1003 3420 quoniam
1042 3339 1157 3404 mitis
1196 3357 1279 3403 sum

88 3467 112 3508 a
132 3453 170 3509 et
197 3443 368 3510 humilis
394 3443 522 3521 corde,
548 3447 586 3508 et
608 3443 837 3509 inuenietis
862 3444 1043 3526 requiem
1067 3445 1279 3509 animabus

130 3551 298 3617 uestris.

221 3825 237 3878 5
257 3821 339 3891 Apoe.
360 3821 402 3886 19,
424 3823 456 3877 16
511 3823 545 3876 24
564 3823 613 3876 Mt.
635 3821 677 3882 11.
697 3823 731 3878 29

167 3999 181 4050 1
206 3997 321 4050 haberet
342 3995 387 4050 bie
406 3999 496 4050 autem
517 3997 599 4051 etiam
618 3997 665 4051 ille
687 3997 784 4053 Orell.
800 4003 914 4067 praeter
931 3997 969 4064 .l,·
991 3997 1105 4050 baberet
1130 3997 1212 4051 etiam
1231 3995 1278 4052 ille

130 4084 174 4139 hic
187 4087 227 4151 A;
244 4085 313 4139 Hab.
333 4089 423 4138 autem
442 4085 486 4139 bic
506 4085 587 4139 etiam
606 4085 653 4139 ille
667 4103 683 4139 11
737 4088 753 4138 9
773 4085 934 4156 depotentes
951 4085 975 4139 0
1029 4087 1061 4139 13
1081 4085 1242 4138 exercitaret
1258 4084 1281 4138 G

134 4173 165 4227 18
184 4173 294 4244 publica
314 4173 451 4239 nptemC
520 4175 552 4228 21
578 4175 860 4246 p'quieti,1eraeo,c
951 4163 1107 4244 capotius]
1128 4173 1278 4242 etlampo·

130 4261 232 4316 truso
300 4263 335 4318 23
359 4261 394 4316 ad
413 4265 534 4332 qnemA
606 4265 641 4318 24
663 4263 783 4318 accedite
803 4263 838 4317 sd
856 4279 906 4328 me,
925 4265 957 4318 111
975 4279 1061 4334 morp.
1081 4279 1115 4316 111.
1133 4266 1161 4316 1.·
1181 4261 1278 4316 discite

133 4367 251 4415 amec
323 4353 477 4421 quiaaqo
1172 4359 1175 4366 '
