3072 4930
294 403 359 465 210
637 399 664 454 S.
691 399 848 454 Aurelii
875 397 1092 468 Augustini

295 593 383 672 dicit,
408 593 492 676 quod
516 596 628 675 postea
651 591 796 656 dicturus
820 595 878 667 est,
908 611 981 658 cum
1005 592 1044 656 ab
1072 593 1128 658 illo
1153 593 1322 676 quisquam
1345 613 1430 678 quae·
1513 619 1514 626 ¹

295 699 384 764 sierit
408 698 485 782 quid
508 698 620 763 dixerit
643 699 766 763 fatum?
812 698 895 762 Nam
917 697 951 763 id
974 697 1118 764 homines
1144 698 1267 782 quando
1297 700 1429 766 audiunt.

294 806 415 871 usitata
437 805 586 887 loquendi
619 803 848 869 consuetudine
871 822 932 870 non
960 805 1152 890 intellegunt
1178 805 1240 870 nisi
1268 807 1333 870 uim
1355 809 1430 891 posi-

293 912 391 978 tionis
425 912 575 989 siderum,
610 911 712 994 qualis
746 914 795 976 est
827 911 952 994 quando
981 912 1053 994 quis
1081 913 1223 978 nascitur
1246 913 1315 978 siue
1338 914 1430 978 conci-

293 1020 393 1102 pitnr3
428 1017 513 1101 quod
546 1018 645 1100 aliqui
677 1017 816 1082 alienant
844 1037 862 1082 a
888 1017 949 1083 Dei
976 1018 1154 1094 uoluntate,
1187 1020 1286 1102 aliqui
1318 1040 1353 1085 er
1382 1020 1463 1084 illas

294 1126 391 1190 etiarn
414 1126 474 1190 hoc
497 1125 634 1208 pendere
657 1124 852 1190 confirmant.
900 1123 962 1190 Sed
984 1125 1043 1204 illi,
1078 1126 1133 1208 qui
1156 1126 1223 1191 sine
1245 1127 1307 1192 Dei
1329 1128 1431 1192 uolun-

293 1233 359 1296 tate
379 1229 545 1295 decernere
565 1229 732 1313 opinantur
751 1228 855 1294 sidera
874 1229 951 1312 quid
970 1249 1100 1314 agamus
1119 1231 1173 1296 uel
1192 1231 1268 1313 quid
1287 1231 1430 1298 bonorum

294 1337 468 1402 habeamus
491 1336 688 1402 malorumue
708 1325 876 1418 patiamur,
900 1337 938 1400 ab
959 1337 1089 1402 auribus
1109 1339 1250 1403 omnium
1269 1339 1431 1422 repellendi

295 1447 381 1523 sunt,
410 1463 471 1508 uon
496 1443 600 1510 solum
625 1461 733 1508 eorum
758 1443 812 1526 qui
836 1461 944 1507 ueram
968 1443 1152 1528 religionem
1175 1447 1284 1510 tenent
1307 1447 1362 1512 sed
1384 1445 1432 1529 qui

294 1549 425 1615 deornm
449 1550 739 1632 qualiumcumque,
762 1549 839 1614 licei
861 1549 1025 1628 falsorum,
1053 1553 1168 1617 uolunt
1196 1571 1267 1618 esse
1291 1553 1430 1620 cultores.
1447 1551 1464 1614 io

293 1655 381 1721 Haec
415 1656 497 1721 enim
532 1655 636 1739 opinio
670 1653 747 1739 quid
779 1655 847 1739 agit
879 1655 975 1734 aliud,
1013 1656 1075 1721 nisi
1106 1660 1144 1722 ut
1171 1658 1280 1723 nullus
1313 1657 1430 1724 omnino

294 1764 416 1829 colatur
440 1766 495 1828 aut
513 1765 643 1846 rogetur
661 1761 770 1827 Deus?
796 1761 911 1828 Contra
934 1781 1014 1845 quos
1038 1763 1131 1828 modo
1155 1764 1246 1830 nobis
1266 1764 1430 1849 disputatio

294 1889 355 1934 non
387 1871 436 1934 est
458 1868 616 1948 instituta,
641 1867 697 1932 sed
730 1871 838 1933 contra
860 1869 918 1933 hos
948 1868 1002 1950 qui
1032 1888 1087 1952 pro
1112 1870 1293 1937 defensioue
1320 1890 1430 1941 eorum.

295 1996 374 2059 quos
399 1976 474 2040 deos
498 1978 622 2058 putant,
647 1973 843 2041 Christianae
865 1975 1014 2060 religioni
1037 1976 1254 2043 aduersantur.
1277 1978 1328 2043 Illi
1351 1996 1430 2053 uero,
1520 1955 1521 1974 ¹

295 2083 350 2166 qui
376 2083 567 2166 positionem
595 2081 760 2147 stellarum
784 2081 922 2166 quodam
950 2081 1043 2148 rnodo
1073 2083 1308 2149 decernentium
1335 2083 1463 2168 qualisa

295 2190 429 2272 quisque
454 2188 496 2253 sit
520 2193 552 2254 et
575 2187 652 2271 quid
675 2187 704 2254 ci
727 2189 893 2273 proueniat
915 2188 990 2254 boni
1014 2189 1132 2273 quidue
1156 2191 1233 2255 mali
1257 2191 1379 2257 accidat
1400 2209 1430 2255 er

294 2295 354 2360 Dei
385 2295 550 2360 uoluntate
584 2295 793 2380 suspendunt,
827 2297 854 2362 si
887 2295 1013 2360 easdem
1043 2297 1153 2361 stellas
1181 2300 1297 2380 putant
1323 2298 1430 2362 habere

292 2402 374 2467 hanc
405 2405 597 2486 potestatem
628 2401 777 2467 traditam
805 2402 867 2468 sibi
891 2421 1058 2468 asumma
1084 2403 1173 2468 illius
1201 2407 1371 2487 potestate,
1401 2393 1435 2468 ut'

295 2509 439 2572 nolentes
463 2507 526 2570 ista
549 2507 730 2572 decamant:
764 2526 910 2592 magnam
945 2510 1030 2574 caelo
1063 2509 1186 2574 faciunt
1217 2511 1375 2589 iniuriam,
1404 2509 1431 2574 in

294 2615 385 2680 cuius
405 2613 495 2678 uelut
514 2613 689 2678 clarissimo
709 2617 821 2678 senatu
840 2634 876 2680 ac
896 2615 1150 2699 splendidissima
1170 2617 1257 2682 curia
1275 2617 1465 2700 opinantura

293 2721 412 2786 scelera
433 2719 577 2784 facienda
596 2718 730 2798 decerni,
755 2722 861 2804 qualia
881 2721 908 2786 si
927 2721 1034 2805 aliqua
1055 2725 1177 2787 terrena
1200 2721 1316 2790 ciuitas
1336 2725 1431 2790 decre-

293 2827 405 2907 uisset,
438 2847 552 2912 genere
584 2827 721 2892 hnmano
755 2827 940 2893 decernente
972 2827 1075 2893 fuerat
1112 2829 1292 2896 auertenda.
1340 2831 1431 2912 Quale

294 2932 405 2998 deinde
437 2933 592 2998 indicium
620 2933 659 2998 de
687 2935 851 2999 hominum
879 2934 972 3000 sactis
1000 2933 1067 3000 Deo
1091 2936 1289 3020 relinquitur,
1324 2937 1431 3020 quibus

294 3038 441 3104 caelestis
460 3041 634 3106 necessitas
654 3041 831 3118 adhibetur,
855 3061 928 3106 curn
947 3041 1094 3108 dominus
1113 3043 1168 3108 illc
1188 3044 1231 3108 sit
1250 3048 1282 3110 et
1301 3045 1430 3111 sidorum

294 3150 327 3210 et
349 3146 535 3210 hominurn?
558 3147 624 3211 Aut
648 3147 676 3212 si
699 3167 758 3213 non
784 3147 894 3214 dicunt
913 3148 1034 3227 stellas,
1058 3154 1188 3233 accepta
1206 3151 1334 3234 quidem
1353 3155 1431 3235 potc-
1445 3171 1466 3212 a

294 3255 376 3318 state
400 3245 424 3318 a’
441 3273 565 3319 summo
586 3253 663 3333 Deo,
688 3255 815 3320 arbitrio
836 3275 893 3320 suo
912 3255 976 3320 ista
995 3254 1169 3337 decernere,
1195 3258 1302 3322 sedin
1320 3259 1431 3324 talibus

293 3359 539 3426 necessitatibus
562 3360 742 3444 ingerendis
775 3361 863 3426 illius
893 3361 1018 3428 omnino
1046 3361 1135 3427 iussa
1166 3361 1327 3444 conplere:
1356 3361 1432 3427 itane

294 3465 332 3529 do
356 3466 426 3548 ipso
450 3465 517 3532 Deo
542 3466 742 3532 sentiendum
770 3471 829 3546 est,
861 3467 945 3548 quod
972 3467 1231 3552 indignissimum
1260 3468 1367 3533 uisum
1389 3470 1432 3531 est

295 3571 333 3637 de
357 3573 522 3638 stellarum
540 3575 705 3640 uoluntate
725 3574 863 3639 sentire?
888 3574 981 3654 Quod
999 3575 1027 3638 si
1046 3575 1195 3640 dicuutur
1213 3575 1324 3641 stellae
1343 3571 1433 3660 signi-

293 3679 387 3745 ficare
409 3681 517 3764 potius
540 3680 604 3745 ista
627 3700 723 3764 quam
746 3681 858 3759 facere,
891 3684 929 3745 ut
953 3682 1044 3765 quasi
1072 3683 1194 3748 locutio
1218 3682 1372 3764 quaedam
1394 3681 1432 3745 sit
1447 3699 1466 3739 n

293 3787 350 3850 illa
381 3787 498 3871 positio
530 3788 713 3870 praedicens
745 3790 863 3866 futura,
897 3808 958 3855 non
988 3807 1084 3874 agens
1116 3787 1190 3874 (non
1215 3790 1299 3854 enim
1322 3787 1432 3854 medio·

330 4003 346 4056 6
364 4003 484 4073 pondere
504 4003 527 4057 οἳ
591 4005 607 4058 9
627 4003 1076 4074 sedquiL¹A¹Gabdelrfm
1096 4004 1191 4060 sedet
1211 4005 1433 4076 qniL²A²pqo
1520 4005 1521 4032 ¹

293 4092 393 4146 Domb.
450 4093 481 4146 11
503 4090 689 4196 1111ᾱὶ18111)
745 4094 777 4146 13
795 4096 837 4146 est
856 4111 909 4147 non
928 4094 1000 4148 L¹n
1072 4111 1118 4149 eos
1137 4093 1215 4164 b²qo
1276 4099 1309 4150 16
1329 4095 1432 4151 accedat

296 4205 329 4260 0¹
385 4207 418 4261 18
433 4207 655 4278 alsumgmallins
665 4211 866 4279 potestatemd
920 4209 955 4264 24
970 4209 1139 4282 adhibesltur
1151 4211 1264 4282 syllaba
1278 4230 1307 4268 re
1321 4209 1434 4268 acras)

293 4295 328 4349 26
347 4311 395 4348 suo
414 4311 465 4349 om.
488 4295 521 4350 0¹
576 4297 753 4368 30loquutio
773 4297 831 4352 ΕΛ
1520 4307 1521 4320 ’
