<?xml version="1.0" encoding="UTF-8"?>
<!DOCTYPE html PUBLIC "-//W3C//DTD XHTML 1.0 Transitional//EN"
    "http://www.w3.org/TR/xhtml1/DTD/xhtml1-transitional.dtd">
<html xmlns="http://www.w3.org/1999/xhtml" xml:lang="en" lang="en">
 <head>
  <title>
</title>
<meta http-equiv="Content-Type" content="text/html;charset=utf-8" />
  <meta name='ocr-system' content='tesseract 3.04.00' />
  <meta name='ocr-capabilities' content='ocr_page ocr_carea ocr_par ocr_line ocrx_word'/>
</head>
<body>
  <div class='ocr_page' id='page_1' title='image "./corpusscriptoru20wiengoog_0478.png"; bbox 0 0 3136 4934; ppageno 0'>
   <div class='ocr_carea' id='block_1_1' title="bbox 412 435 1304 506">
    <p class='ocr_par' dir='ltr' id='par_1_1' title="bbox 412 435 1304 506">
     <span class='ocr_line' id='line_1_1' title="bbox 412 435 1304 506; baseline 0.001 -14"><span class='ocrx_word' id='word_1_1' title='bbox 412 439 461 492; x_wconf 92' lang='lat' dir='ltr'>De</span> <span class='ocrx_word' id='word_1_2' title='bbox 490 438 664 494; x_wconf 86' lang='lat' dir='ltr'>ciuitate</span> <span class='ocrx_word' id='word_1_3' title='bbox 693 437 752 491; x_wconf 91' lang='lat' dir='ltr'>dei</span> <span class='ocrx_word' id='word_1_4' title='bbox 781 437 846 490; x_wconf 92' lang='lat' dir='ltr'>lib.</span> <span class='ocrx_word' id='word_1_5' title='bbox 870 435 902 490; x_wconf 88' lang='lat' dir='ltr'>X.</span> <span class='ocrx_word' id='word_1_6' title='bbox 931 453 1005 506; x_wconf 88' lang='lat' dir='ltr'>cap.</span> <span class='ocrx_word' id='word_1_7' title='bbox 1031 437 1054 490; x_wconf 93' lang='grc'><em>1.</em></span> <span class='ocrx_word' id='word_1_8' title='bbox 1240 439 1304 502; x_wconf 77' lang='grc'>447</span> 
     </span>
    </p>
   </div>
   <div class='ocr_carea' id='block_1_2' title="bbox 111 631 1307 3064">
    <p class='ocr_par' dir='ltr' id='par_1_2' title="bbox 111 631 1307 3064">
     <span class='ocr_line' id='line_1_2' title="bbox 157 631 1306 719; baseline -0.005 -17"><span class='ocrx_word' id='word_1_9' title='bbox 157 639 266 702; x_wconf 84' lang='lat' dir='ltr'>Pietas</span> <span class='ocrx_word' id='word_1_10' title='bbox 291 655 415 719; x_wconf 91' lang='lat' dir='ltr'>quoque</span> <span class='ocrx_word' id='word_1_11' title='bbox 438 636 561 718; x_wconf 89' lang='lat' dir='ltr'>proprie</span> <span class='ocrx_word' id='word_1_12' title='bbox 581 633 640 697; x_wconf 89' lang='lat' dir='ltr'>Dei</span> <span class='ocrx_word' id='word_1_13' title='bbox 665 633 771 699; x_wconf 89' lang='lat' dir='ltr'>cultus</span> <span class='ocrx_word' id='word_1_14' title='bbox 795 631 939 715; x_wconf 75' lang='lat' dir='ltr'>intellegi</span> <span class='ocrx_word' id='word_1_15' title='bbox 963 632 1055 709; x_wconf 86' lang='lat' dir='ltr'>solet,</span> <span class='ocrx_word' id='word_1_16' title='bbox 1080 651 1175 714; x_wconf 87' lang='lat' dir='ltr'>quam</span> <span class='ocrx_word' id='word_1_17' title='bbox 1196 631 1306 698; x_wconf 85' lang='lat' dir='ltr'>Graeci</span> 
     </span>
     <span class='ocr_line' id='line_1_3' title="bbox 158 737 1306 826; baseline -0.003 -20"><span class='ocrx_word' id='word_1_18' title='bbox 158 739 311 826; x_wconf 75' lang='grc' dir='ltr'>εὐσέβειαν</span> <span class='ocrx_word' id='word_1_19' title='bbox 335 747 460 806; x_wconf 89' lang='lat' dir='ltr'>uocant.</span> <span class='ocrx_word' id='word_1_20' title='bbox 485 741 572 806; x_wconf 89' lang='lat' dir='ltr'>Haec</span> <span class='ocrx_word' id='word_1_21' title='bbox 595 743 700 804; x_wconf 84' lang='lat' dir='ltr'>tamen</span> <span class='ocrx_word' id='word_1_22' title='bbox 725 741 757 802; x_wconf 90' lang='lat' dir='ltr'>et</span> <span class='ocrx_word' id='word_1_23' title='bbox 776 758 850 822; x_wconf 87' lang='lat' dir='ltr'>erga</span> <span class='ocrx_word' id='word_1_24' title='bbox 868 743 1013 820; x_wconf 90' lang='lat' dir='ltr'>parentes</span> <span class='ocrx_word' id='word_1_25' title='bbox 1038 737 1178 803; x_wconf 80' lang='lat' dir='ltr'>officiosa</span> <span class='ocrx_word' id='word_1_26' title='bbox 1198 738 1306 804; x_wconf 92' lang='lat' dir='ltr'>baberi</span> 
     </span>
     <span class='ocr_line' id='line_1_4' title="bbox 158 844 1307 930; baseline -0.004 -17"><span class='ocrx_word' id='word_1_27' title='bbox 158 849 285 914; x_wconf 87' lang='lat' dir='ltr'>dicitur.</span> <span class='ocrx_word' id='word_1_28' title='bbox 305 850 393 914; x_wconf 89' lang='lat' dir='ltr'>More</span> <span class='ocrx_word' id='word_1_29' title='bbox 409 851 515 912; x_wconf 85' lang='lat' dir='ltr'>autem</span> <span class='ocrx_word' id='word_1_30' title='bbox 529 846 620 930; x_wconf 85' lang='lat' dir='ltr'>uulgi</span> <span class='ocrx_word' id='word_1_31' title='bbox 638 847 699 911; x_wconf 90' lang='lat' dir='ltr'>hoc</span> <span class='ocrx_word' id='word_1_32' title='bbox 719 863 831 910; x_wconf 89' lang='lat' dir='ltr'>nomen</span> <span class='ocrx_word' id='word_1_33' title='bbox 852 845 947 909; x_wconf 90' lang='lat' dir='ltr'>etiarn</span> <span class='ocrx_word' id='word_1_34' title='bbox 966 844 998 908; x_wconf 91' lang='lat' dir='ltr'>in</span> <span class='ocrx_word' id='word_1_35' title='bbox 1018 845 1165 926; x_wconf 82' lang='lat' dir='ltr'>operibus</span> <span class='ocrx_word' id='word_1_36' title='bbox 1184 845 1307 910; x_wconf 85' lang='lat' dir='ltr'>miseri-</span> 
     </span>
     <span class='ocr_line' id='line_1_5' title="bbox 159 951 1307 1038; baseline -0.003 -18"><span class='ocrx_word' id='word_1_37' title='bbox 159 956 284 1022; x_wconf 77' lang='lat' dir='ltr'>cordiae</span> <span class='ocrx_word' id='word_1_38' title='bbox 307 957 538 1038; x_wconf 70' lang='lat' dir='ltr'>frequentatum</span> <span class='ocrx_word' id='word_1_39' title='bbox 577 953 661 1034; x_wconf 91' lang='lat' dir='ltr'>quod</span> <span class='ocrx_word' id='word_1_40' title='bbox 685 952 756 1016; x_wconf 93' lang='lat' dir='ltr'>ideo</span> <span class='ocrx_word' id='word_1_41' title='bbox 781 951 915 1015; x_wconf 87' lang='lat' dir='ltr'>arbitror</span> <span class='ocrx_word' id='word_1_42' title='bbox 943 951 1099 1028; x_wconf 87' lang='lat' dir='ltr'>euenisse,</span> <span class='ocrx_word' id='word_1_43' title='bbox 1134 952 1206 1034; x_wconf 87' lang='lat' dir='ltr'>quia</span> <span class='ocrx_word' id='word_1_44' title='bbox 1229 953 1307 1017; x_wconf 89' lang='lat' dir='ltr'>baec</span> 
     </span>
     <span class='ocr_line' id='line_1_6' title="bbox 128 1057 1306 1146; baseline -0.006 -16"><span class='ocrx_word' id='word_1_45' title='bbox 128 1063 226 1130; x_wconf 80' lang='lat' dir='ltr'>alieri</span> <span class='ocrx_word' id='word_1_46' title='bbox 249 1063 415 1146; x_wconf 79' lang='lat' dir='ltr'>praecipue</span> <span class='ocrx_word' id='word_1_47' title='bbox 439 1061 567 1126; x_wconf 88' lang='lat' dir='ltr'>mandat</span> <span class='ocrx_word' id='word_1_48' title='bbox 590 1060 677 1124; x_wconf 87' lang='lat' dir='ltr'>Deus</span> <span class='ocrx_word' id='word_1_49' title='bbox 703 1077 801 1140; x_wconf 90' lang='lat' dir='ltr'>eaque</span> <span class='ocrx_word' id='word_1_50' title='bbox 826 1057 887 1122; x_wconf 92' lang='lat' dir='ltr'>sibi</span> <span class='ocrx_word' id='word_1_51' title='bbox 911 1057 964 1122; x_wconf 91' lang='lat' dir='ltr'>uel</span> <span class='ocrx_word' id='word_1_52' title='bbox 986 1078 1042 1141; x_wconf 90' lang='lat' dir='ltr'>pro</span> <span class='ocrx_word' id='word_1_53' title='bbox 1067 1059 1229 1124; x_wconf 87' lang='lat' dir='ltr'>sacrificiis</span> <span class='ocrx_word' id='word_1_54' title='bbox 1254 1060 1306 1123; x_wconf 88' lang='lat' dir='ltr'>uel</span> 
     </span>
     <span class='ocr_line' id='line_1_7' title="bbox 156 1165 1305 1252; baseline -0.003 -19"><span class='ocrx_word' id='word_1_55' title='bbox 156 1189 231 1252; x_wconf 85' lang='lat' dir='ltr'>prae</span> <span class='ocrx_word' id='word_1_56' title='bbox 256 1168 417 1234; x_wconf 87' lang='lat' dir='ltr'>sacrificiis</span> <span class='ocrx_word' id='word_1_57' title='bbox 441 1167 564 1251; x_wconf 85' lang='lat' dir='ltr'>placere</span> <span class='ocrx_word' id='word_1_58' title='bbox 589 1170 734 1230; x_wconf 88' lang='lat' dir='ltr'>testatur.</span> <span class='ocrx_word' id='word_1_59' title='bbox 759 1165 804 1230; x_wconf 83' lang='lat' dir='ltr'>Es</span> <span class='ocrx_word' id='word_1_60' title='bbox 829 1185 890 1246; x_wconf 90' lang='lat' dir='ltr'>qua</span> <span class='ocrx_word' id='word_1_61' title='bbox 908 1165 1058 1248; x_wconf 87' lang='lat' dir='ltr'>loquendi</span> <span class='ocrx_word' id='word_1_62' title='bbox 1078 1165 1305 1230; x_wconf 87' lang='lat' dir='ltr'>consuetudine</span> 
     </span>
     <span class='ocr_line' id='line_1_8' title="bbox 156 1271 1304 1356; baseline -0.002 -16"><span class='ocrx_word' id='word_1_63' title='bbox 156 1277 279 1340; x_wconf 84' lang='lat' dir='ltr'>factum</span> <span class='ocrx_word' id='word_1_64' title='bbox 303 1279 362 1354; x_wconf 87' lang='lat' dir='ltr'>est,</span> <span class='ocrx_word' id='word_1_65' title='bbox 386 1279 424 1340; x_wconf 91' lang='lat' dir='ltr'>ut</span> <span class='ocrx_word' id='word_1_66' title='bbox 447 1278 479 1338; x_wconf 87' lang='lat' dir='ltr'>et</span> <span class='ocrx_word' id='word_1_67' title='bbox 502 1274 589 1339; x_wconf 90' lang='lat' dir='ltr'>Deus</span> <span class='ocrx_word' id='word_1_68' title='bbox 613 1273 682 1356; x_wconf 90' lang='lat' dir='ltr'>ipse</span> <span class='ocrx_word' id='word_1_69' title='bbox 707 1271 831 1336; x_wconf 89' lang='lat' dir='ltr'>dicatur</span> <span class='ocrx_word' id='word_1_70' title='bbox 853 1272 940 1354; x_wconf 87' lang='lat' dir='ltr'>pius;</span> <span class='ocrx_word' id='word_1_71' title='bbox 975 1291 1069 1354; x_wconf 92' lang='lat' dir='ltr'>quem</span> <span class='ocrx_word' id='word_1_72' title='bbox 1094 1291 1167 1336; x_wconf 90' lang='lat' dir='ltr'>saue</span> <span class='ocrx_word' id='word_1_73' title='bbox 1194 1272 1304 1338; x_wconf 85' lang='lat' dir='ltr'>Graeci</span> 
     </span>
     <span class='ocr_line' id='line_1_9' title="bbox 156 1374 1304 1463; baseline -0.005 -17"><span class='ocrx_word' id='word_1_74' title='bbox 156 1383 245 1448; x_wconf 91' lang='lat' dir='ltr'>nullo</span> <span class='ocrx_word' id='word_1_75' title='bbox 278 1401 336 1446; x_wconf 88' lang='lat' dir='ltr'>suo</span> <span class='ocrx_word' id='word_1_76' title='bbox 370 1381 521 1446; x_wconf 85' lang='lat' dir='ltr'>sermonis</span> <span class='ocrx_word' id='word_1_77' title='bbox 558 1400 620 1444; x_wconf 87' lang='lat' dir='ltr'>usu</span> <span class='ocrx_word' id='word_1_78' title='bbox 654 1374 779 1463; x_wconf 74' lang='grc' dir='ltr'>εὐσεβῆν</span> <span class='ocrx_word' id='word_1_79' title='bbox 813 1383 939 1456; x_wconf 86' lang='lat' dir='ltr'>uocant,</span> <span class='ocrx_word' id='word_1_80' title='bbox 973 1379 1118 1460; x_wconf 87' lang='lat' dir='ltr'>quamuis</span> <span class='ocrx_word' id='word_1_81' title='bbox 1151 1375 1304 1460; x_wconf 71' lang='grc' dir='ltr'>εὐσέβειαν</span> 
     </span>
     <span class='ocr_line' id='line_1_10' title="bbox 155 1484 1305 1572; baseline -0.004 -19"><span class='ocrx_word' id='word_1_82' title='bbox 155 1509 213 1572; x_wconf 86' lang='lat' dir='ltr'>pro</span> <span class='ocrx_word' id='word_1_83' title='bbox 238 1489 454 1553; x_wconf 87' lang='lat' dir='ltr'>misericordia</span> <span class='ocrx_word' id='word_1_84' title='bbox 477 1487 603 1552; x_wconf 89' lang='lat' dir='ltr'>illorum</span> <span class='ocrx_word' id='word_1_85' title='bbox 629 1485 724 1550; x_wconf 88' lang='lat' dir='ltr'>etiam</span> <span class='ocrx_word' id='word_1_86' title='bbox 749 1484 868 1568; x_wconf 86' lang='lat' dir='ltr'>uulgus</span> <span class='ocrx_word' id='word_1_87' title='bbox 892 1489 1034 1568; x_wconf 85' lang='lat' dir='ltr'>usurpet.</span> <span class='ocrx_word' id='word_1_88' title='bbox 1069 1484 1159 1549; x_wconf 88' lang='lat' dir='ltr'>Unde</span> <span class='ocrx_word' id='word_1_89' title='bbox 1181 1485 1213 1548; x_wconf 93' lang='lat' dir='ltr'>in</span> <span class='ocrx_word' id='word_1_90' title='bbox 1238 1485 1305 1567; x_wconf 93' lang='lat' dir='ltr'>qui·</span> 
     </span>
     <span class='ocr_line' id='line_1_11' title="bbox 115 1591 1304 1678; baseline -0.006 -16"><span class='ocrx_word' id='word_1_91' title='bbox 115 1623 140 1663; x_wconf 77' lang='lat' dir='ltr'>ro</span> <span class='ocrx_word' id='word_1_92' title='bbox 157 1596 291 1661; x_wconf 89' lang='lat' dir='ltr'>busdam</span> <span class='ocrx_word' id='word_1_93' title='bbox 312 1595 539 1678; x_wconf 88' lang='lat' dir='ltr'>scripturarum</span> <span class='ocrx_word' id='word_1_94' title='bbox 557 1592 648 1668; x_wconf 87' lang='lat' dir='ltr'>locis,</span> <span class='ocrx_word' id='word_1_95' title='bbox 672 1595 709 1656; x_wconf 90' lang='lat' dir='ltr'>ut</span> <span class='ocrx_word' id='word_1_96' title='bbox 732 1591 893 1655; x_wconf 90' lang='lat' dir='ltr'>distinctio</span> <span class='ocrx_word' id='word_1_97' title='bbox 915 1591 1028 1656; x_wconf 80' lang='lat' dir='ltr'>certior</span> <span class='ocrx_word' id='word_1_98' title='bbox 1047 1594 1219 1674; x_wconf 76' lang='lat' dir='ltr'>appareret,</span> <span class='ocrx_word' id='word_1_99' title='bbox 1243 1611 1304 1656; x_wconf 93' lang='lat' dir='ltr'>non</span> 
     </span>
     <span class='ocr_line' id='line_1_12' title="bbox 157 1697 1305 1784; baseline 0.001 -21"><span class='ocrx_word' id='word_1_100' title='bbox 157 1697 321 1784; x_wconf 76' lang='grc' dir='ltr'>εὐσέβειαν,</span> <span class='ocrx_word' id='word_1_101' title='bbox 346 1701 429 1784; x_wconf 91' lang='lat' dir='ltr'>quod</span> <span class='ocrx_word' id='word_1_102' title='bbox 463 1721 499 1764; x_wconf 81' lang='lat' dir='ltr'>ex</span> <span class='ocrx_word' id='word_1_103' title='bbox 531 1699 612 1764; x_wconf 90' lang='lat' dir='ltr'>bono</span> <span class='ocrx_word' id='word_1_104' title='bbox 648 1699 748 1776; x_wconf 90' lang='lat' dir='ltr'>cultu,</span> <span class='ocrx_word' id='word_1_105' title='bbox 774 1697 830 1762; x_wconf 86' lang='lat' dir='ltr'>sed</span> <span class='ocrx_word' id='word_1_106' title='bbox 853 1701 1042 1781; x_wconf 75' lang='grc' dir='ltr'>θεοσέβειαν,</span> <span class='ocrx_word' id='word_1_107' title='bbox 1067 1698 1152 1782; x_wconf 92' lang='lat' dir='ltr'>quod</span> <span class='ocrx_word' id='word_1_108' title='bbox 1182 1717 1217 1763; x_wconf 87' lang='lat' dir='ltr'>ex</span> <span class='ocrx_word' id='word_1_109' title='bbox 1245 1699 1305 1764; x_wconf 93' lang='lat' dir='ltr'>Dei</span> 
     </span>
     <span class='ocr_line' id='line_1_13' title="bbox 157 1803 1303 1891; baseline -0.003 -19"><span class='ocrx_word' id='word_1_110' title='bbox 157 1808 247 1872; x_wconf 88' lang='lat' dir='ltr'>cultu</span> <span class='ocrx_word' id='word_1_111' title='bbox 267 1807 467 1891; x_wconf 89' lang='lat' dir='ltr'>conpositum</span> <span class='ocrx_word' id='word_1_112' title='bbox 490 1809 626 1884; x_wconf 91' lang='lat' dir='ltr'>resonat,</span> <span class='ocrx_word' id='word_1_113' title='bbox 646 1805 748 1870; x_wconf 88' lang='lat' dir='ltr'>dicere</span> <span class='ocrx_word' id='word_1_114' title='bbox 772 1804 962 1870; x_wconf 85' lang='lat' dir='ltr'>maluerunt.</span> <span class='ocrx_word' id='word_1_115' title='bbox 983 1803 1179 1869; x_wconf 76' lang='lat' dir='ltr'>Utrumlibet</span> <span class='ocrx_word' id='word_1_116' title='bbox 1198 1808 1303 1870; x_wconf 89' lang='lat' dir='ltr'>autem</span> 
     </span>
     <span class='ocr_line' id='line_1_14' title="bbox 157 1908 1304 1994; baseline -0.002 -16"><span class='ocrx_word' id='word_1_117' title='bbox 157 1915 271 1980; x_wconf 91' lang='lat' dir='ltr'>horum</span> <span class='ocrx_word' id='word_1_118' title='bbox 295 1935 352 1980; x_wconf 89' lang='lat' dir='ltr'>nos</span> <span class='ocrx_word' id='word_1_119' title='bbox 383 1933 445 1978; x_wconf 93' lang='lat' dir='ltr'>uno</span> <span class='ocrx_word' id='word_1_120' title='bbox 470 1914 567 1978; x_wconf 88' lang='lat' dir='ltr'>uerbo</span> <span class='ocrx_word' id='word_1_121' title='bbox 594 1911 754 1976; x_wconf 89' lang='lat' dir='ltr'>enuntiare</span> <span class='ocrx_word' id='word_1_122' title='bbox 782 1930 843 1975; x_wconf 93' lang='lat' dir='ltr'>non</span> <span class='ocrx_word' id='word_1_123' title='bbox 866 1930 1048 1994; x_wconf 88' lang='lat' dir='ltr'>possumus.</span> <span class='ocrx_word' id='word_1_124' title='bbox 1087 1908 1174 1989; x_wconf 81' lang='lat' dir='ltr'>erae</span> <span class='ocrx_word' id='word_1_125' title='bbox 1197 1911 1304 1994; x_wconf 89' lang='lat' dir='ltr'>itaque</span> 
     </span>
     <span class='ocr_line' id='line_1_15' title="bbox 155 2018 1303 2104; baseline 0.001 -22"><span class='ocrx_word' id='word_1_126' title='bbox 155 2018 280 2104; x_wconf 74' lang='grc' dir='ltr'>λατρεία</span> <span class='ocrx_word' id='word_1_127' title='bbox 310 2021 429 2086; x_wconf 82' lang='lat' dir='ltr'>Graece</span> <span class='ocrx_word' id='word_1_128' title='bbox 463 2023 664 2102; x_wconf 85' lang='lat' dir='ltr'>nuncupatur</span> <span class='ocrx_word' id='word_1_129' title='bbox 694 2021 725 2082; x_wconf 94' lang='lat' dir='ltr'>et</span> <span class='ocrx_word' id='word_1_130' title='bbox 752 2018 862 2082; x_wconf 87' lang='lat' dir='ltr'>Latine</span> <span class='ocrx_word' id='word_1_131' title='bbox 895 2019 1120 2100; x_wconf 88' lang='lat' dir='ltr'>interpretatur</span> <span class='ocrx_word' id='word_1_132' title='bbox 1153 2019 1303 2098; x_wconf 86' lang='lat' dir='ltr'>seruitus,</span> 
     </span>
     <span class='ocr_line' id='line_1_16' title="bbox 114 2121 1303 2210; baseline -0.003 -16"><span class='ocrx_word' id='word_1_133' title='bbox 114 2155 139 2194; x_wconf 77' lang='lat' dir='ltr'>ra</span> <span class='ocrx_word' id='word_1_134' title='bbox 157 2126 212 2190; x_wconf 89' lang='lat' dir='ltr'>sed</span> <span class='ocrx_word' id='word_1_135' title='bbox 237 2147 274 2191; x_wconf 89' lang='lat' dir='ltr'>ea</span> <span class='ocrx_word' id='word_1_136' title='bbox 297 2146 358 2210; x_wconf 92' lang='lat' dir='ltr'>qua</span> <span class='ocrx_word' id='word_1_137' title='bbox 382 2126 516 2191; x_wconf 87' lang='lat' dir='ltr'>colimus</span> <span class='ocrx_word' id='word_1_138' title='bbox 541 2125 658 2202; x_wconf 86' lang='lat' dir='ltr'>Deum;</span> <span class='ocrx_word' id='word_1_139' title='bbox 684 2125 736 2189; x_wconf 92' lang='lat' dir='ltr'>nel</span> <span class='ocrx_word' id='word_1_140' title='bbox 761 2144 840 2206; x_wconf 91' lang='lat' dir='ltr'>quae</span> <span class='ocrx_word' id='word_1_141' title='bbox 864 2121 1016 2208; x_wconf 71' lang='grc' dir='ltr'>θρησκεία</span> <span class='ocrx_word' id='word_1_142' title='bbox 1041 2123 1169 2202; x_wconf 84' lang='lat' dir='ltr'>Graece,</span> <span class='ocrx_word' id='word_1_143' title='bbox 1194 2125 1303 2191; x_wconf 88' lang='lat' dir='ltr'>Latine</span> 
     </span>
     <span class='ocr_line' id='line_1_17' title="bbox 156 2230 1304 2318; baseline 0.001 -23"><span class='ocrx_word' id='word_1_144' title='bbox 156 2237 263 2297; x_wconf 87' lang='lat' dir='ltr'>autem</span> <span class='ocrx_word' id='word_1_145' title='bbox 286 2234 397 2318; x_wconf 86' lang='lat' dir='ltr'>religio</span> <span class='ocrx_word' id='word_1_146' title='bbox 423 2233 548 2310; x_wconf 90' lang='lat' dir='ltr'>dicitur,</span> <span class='ocrx_word' id='word_1_147' title='bbox 573 2231 628 2295; x_wconf 90' lang='lat' dir='ltr'>sed</span> <span class='ocrx_word' id='word_1_148' title='bbox 654 2250 794 2313; x_wconf 87' lang='lat' dir='ltr'>eaquae</span> <span class='ocrx_word' id='word_1_149' title='bbox 819 2230 909 2295; x_wconf 88' lang='lat' dir='ltr'>nobis</span> <span class='ocrx_word' id='word_1_150' title='bbox 934 2233 984 2294; x_wconf 91' lang='lat' dir='ltr'>est</span> <span class='ocrx_word' id='word_1_151' title='bbox 1007 2250 1081 2315; x_wconf 87' lang='lat' dir='ltr'>erga</span> <span class='ocrx_word' id='word_1_152' title='bbox 1105 2231 1222 2310; x_wconf 90' lang='lat' dir='ltr'>Deurn;</span> <span class='ocrx_word' id='word_1_153' title='bbox 1251 2233 1304 2296; x_wconf 89' lang='lat' dir='ltr'>uel</span> 
     </span>
     <span class='ocr_line' id='line_1_18' title="bbox 157 2335 1304 2422; baseline 0.003 -21"><span class='ocrx_word' id='word_1_154' title='bbox 157 2359 251 2420; x_wconf 88' lang='lat' dir='ltr'>quam</span> <span class='ocrx_word' id='word_1_155' title='bbox 274 2340 322 2404; x_wconf 93' lang='lat' dir='ltr'>illi</span> <span class='ocrx_word' id='word_1_156' title='bbox 346 2335 503 2422; x_wconf 71' lang='grc' dir='ltr'>εὐσέβειαν,</span> <span class='ocrx_word' id='word_1_157' title='bbox 538 2356 594 2402; x_wconf 87' lang='lat' dir='ltr'>nos</span> <span class='ocrx_word' id='word_1_158' title='bbox 623 2357 698 2402; x_wconf 90' lang='lat' dir='ltr'>uero</span> <span class='ocrx_word' id='word_1_159' title='bbox 728 2357 788 2402; x_wconf 90' lang='lat' dir='ltr'>non</span> <span class='ocrx_word' id='word_1_160' title='bbox 817 2356 879 2401; x_wconf 94' lang='lat' dir='ltr'>uno</span> <span class='ocrx_word' id='word_1_161' title='bbox 908 2337 1005 2402; x_wconf 91' lang='lat' dir='ltr'>uerbo</span> <span class='ocrx_word' id='word_1_162' title='bbox 1030 2339 1213 2420; x_wconf 82' lang='lat' dir='ltr'>exprimere,</span> <span class='ocrx_word' id='word_1_163' title='bbox 1248 2340 1304 2404; x_wconf 88' lang='lat' dir='ltr'>sed</span> 
     </span>
     <span class='ocr_line' id='line_1_19' title="bbox 155 2445 1303 2528; baseline -0.002 -18"><span class='ocrx_word' id='word_1_164' title='bbox 155 2447 215 2510; x_wconf 91' lang='lat' dir='ltr'>Dei</span> <span class='ocrx_word' id='word_1_165' title='bbox 239 2446 362 2511; x_wconf 90' lang='lat' dir='ltr'>cultum</span> <span class='ocrx_word' id='word_1_166' title='bbox 386 2465 558 2528; x_wconf 89' lang='lat' dir='ltr'>possumus</span> <span class='ocrx_word' id='word_1_167' title='bbox 584 2445 756 2528; x_wconf 88' lang='lat' dir='ltr'>appellare:</span> <span class='ocrx_word' id='word_1_168' title='bbox 795 2445 875 2508; x_wconf 92' lang='lat' dir='ltr'>hanc</span> <span class='ocrx_word' id='word_1_169' title='bbox 905 2445 933 2507; x_wconf 92' lang='lat' dir='ltr'>ei</span> <span class='ocrx_word' id='word_1_170' title='bbox 957 2447 1081 2508; x_wconf 90' lang='lat' dir='ltr'>tantum</span> <span class='ocrx_word' id='word_1_171' title='bbox 1105 2445 1172 2509; x_wconf 93' lang='lat' dir='ltr'>Deo</span> <span class='ocrx_word' id='word_1_172' title='bbox 1198 2445 1303 2511; x_wconf 89' lang='lat' dir='ltr'>deberi</span> 
     </span>
     <span class='ocr_line' id='line_1_20' title="bbox 157 2549 1302 2635; baseline -0.003 -19"><span class='ocrx_word' id='word_1_173' title='bbox 157 2553 304 2630; x_wconf 83' lang='lat' dir='ltr'>dicimus,</span> <span class='ocrx_word' id='word_1_174' title='bbox 339 2552 393 2635; x_wconf 91' lang='lat' dir='ltr'>qui</span> <span class='ocrx_word' id='word_1_175' title='bbox 427 2571 521 2615; x_wconf 90' lang='lat' dir='ltr'>uerus</span> <span class='ocrx_word' id='word_1_176' title='bbox 557 2555 605 2616; x_wconf 89' lang='lat' dir='ltr'>est</span> <span class='ocrx_word' id='word_1_177' title='bbox 639 2551 725 2615; x_wconf 86' lang='lat' dir='ltr'>Deus</span> <span class='ocrx_word' id='word_1_178' title='bbox 760 2551 900 2632; x_wconf 79' lang='lat' dir='ltr'>facitque</span> <span class='ocrx_word' id='word_1_179' title='bbox 935 2569 1010 2614; x_wconf 88' lang='lat' dir='ltr'>suos</span> <span class='ocrx_word' id='word_1_180' title='bbox 1045 2549 1183 2614; x_wconf 86' lang='lat' dir='ltr'>cultores</span> <span class='ocrx_word' id='word_1_181' title='bbox 1217 2551 1302 2615; x_wconf 88' lang='lat' dir='ltr'>deos.</span> 
     </span>
     <span class='ocr_line' id='line_1_21' title="bbox 111 2656 1302 2744; baseline -0.007 -14"><span class='ocrx_word' id='word_1_182' title='bbox 111 2691 138 2730; x_wconf 78' lang='lat' dir='ltr'>ao</span> <span class='ocrx_word' id='word_1_183' title='bbox 157 2661 356 2744; x_wconf 82' lang='lat' dir='ltr'>Quicumque</span> <span class='ocrx_word' id='word_1_184' title='bbox 380 2660 478 2744; x_wconf 82' lang='lat' dir='ltr'>igitur</span> <span class='ocrx_word' id='word_1_185' title='bbox 496 2659 620 2724; x_wconf 87' lang='lat' dir='ltr'>suntin</span> <span class='ocrx_word' id='word_1_186' title='bbox 640 2658 831 2724; x_wconf 87' lang='lat' dir='ltr'>caelestibus</span> <span class='ocrx_word' id='word_1_187' title='bbox 850 2657 1100 2722; x_wconf 87' lang='lat' dir='ltr'>habitationibus</span> <span class='ocrx_word' id='word_1_188' title='bbox 1119 2656 1302 2722; x_wconf 86' lang='lat' dir='ltr'>inmortales</span> 
     </span>
     <span class='ocr_line' id='line_1_22' title="bbox 157 2764 1303 2846; baseline -0.005 -12"><span class='ocrx_word' id='word_1_189' title='bbox 157 2775 187 2834; x_wconf 89' lang='lat' dir='ltr'>et</span> <span class='ocrx_word' id='word_1_190' title='bbox 211 2769 306 2846; x_wconf 88' lang='lat' dir='ltr'>beati,</span> <span class='ocrx_word' id='word_1_191' title='bbox 332 2768 359 2832; x_wconf 87' lang='lat' dir='ltr'>si</span> <span class='ocrx_word' id='word_1_192' title='bbox 382 2786 439 2832; x_wconf 88' lang='lat' dir='ltr'>nos</span> <span class='ocrx_word' id='word_1_193' title='bbox 459 2785 519 2831; x_wconf 92' lang='lat' dir='ltr'>non</span> <span class='ocrx_word' id='word_1_194' title='bbox 539 2769 645 2831; x_wconf 87' lang='lat' dir='ltr'>amant</span> <span class='ocrx_word' id='word_1_195' title='bbox 664 2785 720 2830; x_wconf 91' lang='lat' dir='ltr'>nec</span> <span class='ocrx_word' id='word_1_196' title='bbox 739 2766 849 2830; x_wconf 84' lang='lat' dir='ltr'>beatos</span> <span class='ocrx_word' id='word_1_197' title='bbox 870 2783 1017 2829; x_wconf 84' lang='lat' dir='ltr'>essenos</span> <span class='ocrx_word' id='word_1_198' title='bbox 1037 2765 1159 2840; x_wconf 89' lang='lat' dir='ltr'>uolunt,</span> <span class='ocrx_word' id='word_1_199' title='bbox 1180 2764 1303 2828; x_wconf 89' lang='lat' dir='ltr'>colendi</span> 
     </span>
     <span class='ocr_line' id='line_1_23' title="bbox 155 2871 1301 2960; baseline -0.004 -20"><span class='ocrx_word' id='word_1_200' title='bbox 155 2876 266 2960; x_wconf 89' lang='lat' dir='ltr'>utique</span> <span class='ocrx_word' id='word_1_201' title='bbox 290 2895 351 2940; x_wconf 90' lang='lat' dir='ltr'>non</span> <span class='ocrx_word' id='word_1_202' title='bbox 375 2877 458 2939; x_wconf 88' lang='lat' dir='ltr'>sunt.</span> <span class='ocrx_word' id='word_1_203' title='bbox 507 2875 540 2939; x_wconf 85' lang='lat' dir='ltr'>Si</span> <span class='ocrx_word' id='word_1_204' title='bbox 564 2880 670 2938; x_wconf 86' lang='lat' dir='ltr'>autern</span> <span class='ocrx_word' id='word_1_205' title='bbox 695 2875 803 2937; x_wconf 86' lang='lat' dir='ltr'>ament</span> <span class='ocrx_word' id='word_1_206' title='bbox 826 2875 857 2937; x_wconf 86' lang='lat' dir='ltr'>et</span> <span class='ocrx_word' id='word_1_207' title='bbox 880 2873 989 2936; x_wconf 88' lang='lat' dir='ltr'>beatos</span> <span class='ocrx_word' id='word_1_208' title='bbox 1013 2872 1136 2950; x_wconf 89' lang='lat' dir='ltr'>uolunt,</span> <span class='ocrx_word' id='word_1_209' title='bbox 1160 2871 1301 2956; x_wconf 85' lang='lat' dir='ltr'>profecto</span> 
     </span>
     <span class='ocr_line' id='line_1_24' title="bbox 154 2977 1301 3064; baseline -0.003 -19"><span class='ocrx_word' id='word_1_210' title='bbox 154 2983 227 3047; x_wconf 92' lang='lat' dir='ltr'>inde</span> <span class='ocrx_word' id='word_1_211' title='bbox 257 2983 381 3060; x_wconf 87' lang='lat' dir='ltr'>uolunt,</span> <span class='ocrx_word' id='word_1_212' title='bbox 415 2982 497 3046; x_wconf 92' lang='lat' dir='ltr'>unde</span> <span class='ocrx_word' id='word_1_213' title='bbox 531 2984 563 3044; x_wconf 89' lang='lat' dir='ltr'>et</span> <span class='ocrx_word' id='word_1_214' title='bbox 594 2981 657 3064; x_wconf 90' lang='lat' dir='ltr'>ipsi</span> <span class='ocrx_word' id='word_1_215' title='bbox 690 2983 778 3058; x_wconf 91' lang='lat' dir='ltr'>sunt;</span> <span class='ocrx_word' id='word_1_216' title='bbox 808 2999 845 3042; x_wconf 91' lang='lat' dir='ltr'>an</span> <span class='ocrx_word' id='word_1_217' title='bbox 874 2979 1000 3043; x_wconf 87' lang='lat' dir='ltr'>aliunde</span> <span class='ocrx_word' id='word_1_218' title='bbox 1032 2977 1094 3062; x_wconf 91' lang='lat' dir='ltr'>ipsi</span> <span class='ocrx_word' id='word_1_219' title='bbox 1125 2977 1222 3056; x_wconf 89' lang='lat' dir='ltr'>beati,</span> <span class='ocrx_word' id='word_1_220' title='bbox 1247 2977 1301 3041; x_wconf 90' lang='lat' dir='ltr'>ali-</span> 
     </span>
    </p>
   </div>
   <div class='ocr_carea' id='block_1_3' title="bbox 154 3090 342 3155">
    <p class='ocr_par' dir='ltr' id='par_1_3' title="bbox 154 3090 342 3155">
     <span class='ocr_line' id='line_1_25' title="bbox 154 3090 342 3155; baseline -0.016 0"><span class='ocrx_word' id='word_1_221' title='bbox 154 3090 237 3155; x_wconf 91' lang='lat' dir='ltr'>unde</span> <span class='ocrx_word' id='word_1_222' title='bbox 260 3093 342 3153; x_wconf 83' lang='lat' dir='ltr'>nos?</span> 
     </span>
    </p>
   </div>
   <div class='ocr_carea' id='block_1_4' title="bbox 245 3405 1164 3476">
    <p class='ocr_par' dir='ltr' id='par_1_4' title="bbox 245 3405 1164 3476">
     <span class='ocr_line' id='line_1_26' title="bbox 245 3405 1164 3476; baseline -0.004 -13"><span class='ocrx_word' id='word_1_223' title='bbox 245 3413 259 3463; x_wconf 83' lang='lat'><strong>7</strong></span> <span class='ocrx_word' id='word_1_224' title='bbox 280 3410 296 3462; x_wconf 87' lang='grc'>2</span> <span class='ocrx_word' id='word_1_225' title='bbox 315 3410 375 3463; x_wconf 90' lang='lat' dir='ltr'>Par.</span> <span class='ocrx_word' id='word_1_226' title='bbox 395 3409 437 3476; x_wconf 86' lang='lat'>30,</span> <span class='ocrx_word' id='word_1_227' title='bbox 457 3409 485 3472; x_wconf 88' lang='lat'>9;</span> <span class='ocrx_word' id='word_1_228' title='bbox 505 3407 589 3462; x_wconf 82' lang='lat' dir='ltr'>Eccli.</span> <span class='ocrx_word' id='word_1_229' title='bbox 609 3409 632 3470; x_wconf 83' lang='grc'>2,</span> <span class='ocrx_word' id='word_1_230' title='bbox 655 3408 699 3470; x_wconf 88' lang='grc'><em>13;</em></span> <span class='ocrx_word' id='word_1_231' title='bbox 720 3405 814 3459; x_wconf 90' lang='lat' dir='ltr'>Iudith</span> <span class='ocrx_word' id='word_1_232' title='bbox 834 3408 858 3468; x_wconf 82' lang='lat'>7,</span> <span class='ocrx_word' id='word_1_233' title='bbox 878 3407 913 3461; x_wconf 83' lang='lat'>20</span> <span class='ocrx_word' id='word_1_234' title='bbox 969 3407 1001 3460; x_wconf 81' lang='lat'>19</span> <span class='ocrx_word' id='word_1_235' title='bbox 1021 3405 1064 3461; x_wconf 84' lang='lat' dir='ltr'>Pe.</span> <span class='ocrx_word' id='word_1_236' title='bbox 1085 3407 1128 3468; x_wconf 79' lang='lat'>81,</span> <span class='ocrx_word' id='word_1_237' title='bbox 1148 3408 1164 3460; x_wconf 91' lang='grc'>6</span> 
     </span>
    </p>
   </div>
   <div class='ocr_carea' id='block_1_5' title="bbox 152 3599 1301 4294">
    <p class='ocr_par' dir='ltr' id='par_1_5' title="bbox 152 3599 1301 4294">
     <span class='ocr_line' id='line_1_27' title="bbox 190 3599 1300 3669; baseline -0.005 -11"><span class='ocrx_word' id='word_1_238' title='bbox 190 3607 206 3658; x_wconf 84' lang='grc'>2</span> <span class='ocrx_word' id='word_1_239' title='bbox 221 3603 372 3666; x_wconf 78' lang='lat' dir='ltr'>eusebipnn,</span> <span class='ocrx_word' id='word_1_240' title='bbox 389 3619 402 3655; x_wconf 93' lang='lat' dir='ltr'>e</span> <span class='ocrx_word' id='word_1_241' title='bbox 416 3601 569 3669; x_wconf 78' lang='lat' dir='ltr'>subscripto</span> <span class='ocrx_word' id='word_1_242' title='bbox 578 3607 683 3668; x_wconf 75' lang='lat' dir='ltr'>pruneto</span> <span class='ocrx_word' id='word_1_243' title='bbox 698 3600 855 3668; x_wconf 67' lang='lat' dir='ltr'>dalecamp</span> <span class='ocrx_word' id='word_1_244' title='bbox 909 3599 1013 3668; x_wconf 87' lang='lat' dir='ltr'>tamen]</span> <span class='ocrx_word' id='word_1_245' title='bbox 1029 3603 1119 3654; x_wconf 80' lang='lat' dir='ltr'>autem</span> <span class='ocrx_word' id='word_1_246' title='bbox 1136 3615 1153 3650; x_wconf 86' lang='lat' dir='ltr'>a</span> <span class='ocrx_word' id='word_1_247' title='bbox 1195 3601 1211 3652; x_wconf 85' lang='lat'>5</span> <span class='ocrx_word' id='word_1_248' title='bbox 1226 3599 1300 3652; x_wconf 91' lang='lat' dir='ltr'>Deus</span> 
     </span>
     <span class='ocr_line' id='line_1_28' title="bbox 153 3689 1301 3759; baseline -0.004 -12"><span class='ocrx_word' id='word_1_249' title='bbox 153 3692 304 3747; x_wconf 82' lang='lat' dir='ltr'>mandato·</span> <span class='ocrx_word' id='word_1_250' title='bbox 383 3690 509 3759; x_wconf 85' lang='lat' dir='ltr'>uelprse</span> <span class='ocrx_word' id='word_1_251' title='bbox 529 3689 617 3743; x_wconf 81' lang='lat' dir='ltr'>sacris.</span> <span class='ocrx_word' id='word_1_252' title='bbox 638 3705 722 3744; x_wconf 80' lang='lat' dir='ltr'>onr.e</span> <span class='ocrx_word' id='word_1_253' title='bbox 794 3689 886 3757; x_wconf 76' lang='lat' dir='ltr'>lipse</span> <span class='ocrx_word' id='word_1_254' title='bbox 906 3705 957 3742; x_wconf 89' lang='lat' dir='ltr'>om.</span> <span class='ocrx_word' id='word_1_255' title='bbox 978 3703 1020 3740; x_wconf 65' lang='lat' dir='ltr'>a*</span> <span class='ocrx_word' id='word_1_256' title='bbox 1082 3689 1157 3756; x_wconf 84' lang='lat' dir='ltr'>sane]</span> <span class='ocrx_word' id='word_1_257' title='bbox 1179 3693 1301 3742; x_wconf 83' lang='lat' dir='ltr'>tumens</span> 
     </span>
     <span class='ocr_line' id='line_1_29' title="bbox 154 3776 1298 3848; baseline -0.004 -13"><span class='ocrx_word' id='word_1_258' title='bbox 154 3782 171 3835; x_wconf 89' lang='lat'>8</span> <span class='ocrx_word' id='word_1_259' title='bbox 191 3782 233 3834; x_wconf 84' lang='lat' dir='ltr'>sui</span> <span class='ocrx_word' id='word_1_260' title='bbox 253 3799 272 3834; x_wconf 84' lang='lat' dir='ltr'>a</span> <span class='ocrx_word' id='word_1_261' title='bbox 344 3779 467 3848; x_wconf 72' lang='grc' dir='ltr'>εὐσεβήν]</span> <span class='ocrx_word' id='word_1_262' title='bbox 488 3778 605 3832; x_wconf 87' lang='lat' dir='ltr'>euseben</span> <span class='ocrx_word' id='word_1_263' title='bbox 620 3795 697 3842; x_wconf 86' lang='lat' dir='ltr'>msa.;</span> <span class='ocrx_word' id='word_1_264' title='bbox 716 3777 830 3844; x_wconf 77' lang='grc' dir='ltr'>εὐσεβεῖν</span> <span class='ocrx_word' id='word_1_265' title='bbox 849 3793 872 3830; x_wconf 88' lang='lat' dir='ltr'>o.</span> <span class='ocrx_word' id='word_1_266' title='bbox 892 3776 1030 3830; x_wconf 84' lang='lat' dir='ltr'>Dombart</span> <span class='ocrx_word' id='word_1_267' title='bbox 1044 3776 1207 3829; x_wconf 78' lang='lat' dir='ltr'>Ddbucrum</span> <span class='ocrx_word' id='word_1_268' title='bbox 1225 3793 1298 3830; x_wconf 75' lang='lat' dir='ltr'>seca-</span> 
     </span>
     <span class='ocr_line' id='line_1_30' title="bbox 155 3863 1299 3940; baseline -0.005 -15"><span class='ocrx_word' id='word_1_269' title='bbox 155 3877 200 3925; x_wconf 76' lang='lat' dir='ltr'>tus</span> <span class='ocrx_word' id='word_1_270' title='bbox 218 3869 313 3940; x_wconf 70' lang='grc' dir='ltr'>εὐσεβῆ</span> <span class='ocrx_word' id='word_1_271' title='bbox 333 3869 487 3937; x_wconf 72' lang='lat' dir='ltr'>scripserat,</span> <span class='ocrx_word' id='word_1_272' title='bbox 502 3867 550 3921; x_wconf 82' lang='lat' dir='ltr'>ned</span> <span class='ocrx_word' id='word_1_273' title='bbox 562 3869 685 3934; x_wconf 87' lang='lat' dir='ltr'>sormam</span> <span class='ocrx_word' id='word_1_274' title='bbox 706 3865 816 3936; x_wconf 72' lang='grc' dir='ltr'>εὐσεβῆν</span> <span class='ocrx_word' id='word_1_275' title='bbox 835 3865 954 3918; x_wconf 81' lang='lat' dir='ltr'>semmai</span> <span class='ocrx_word' id='word_1_276' title='bbox 972 3865 1003 3917; x_wconf 73' lang='lat' dir='ltr'>in</span> <span class='ocrx_word' id='word_1_277' title='bbox 1016 3863 1090 3920; x_wconf 85' lang='lat' dir='ltr'>Nou.</span> <span class='ocrx_word' id='word_1_278' title='bbox 1109 3864 1299 3919; x_wconf 66' lang='lat' dir='ltr'>Testamenta</span> 
     </span>
     <span class='ocr_line' id='line_1_31' title="bbox 152 3954 1300 4028; baseline -0.005 -14"><span class='ocrx_word' id='word_1_279' title='bbox 152 3960 324 4028; x_wconf 77' lang='lat' dir='ltr'>respondere,</span> <span class='ocrx_word' id='word_1_280' title='bbox 345 3958 404 4026; x_wconf 79' lang='lat' dir='ltr'>ipsc</span> <span class='ocrx_word' id='word_1_281' title='bbox 426 3963 524 4026; x_wconf 81' lang='lat' dir='ltr'>postca</span> <span class='ocrx_word' id='word_1_282' title='bbox 553 3957 659 4010; x_wconf 77' lang='lat' dir='ltr'>irronait</span> <span class='ocrx_word' id='word_1_283' title='bbox 686 3956 716 4008; x_wconf 83' lang='lat' dir='ltr'>in</span> <span class='ocrx_word' id='word_1_284' title='bbox 738 3955 845 4010; x_wconf 73' lang='lat' dir='ltr'>Anauni.</span> <span class='ocrx_word' id='word_1_285' title='bbox 871 3954 941 4022; x_wconf 82' lang='lat' dir='ltr'>phil.</span> <span class='ocrx_word' id='word_1_286' title='bbox 965 3957 1050 4014; x_wconf 76' lang='grc'><em>1880,</em></span> <span class='ocrx_word' id='word_1_287' title='bbox 1079 3959 1097 4006; x_wconf 84' lang='lat' dir='ltr'>t.</span> <span class='ocrx_word' id='word_1_288' title='bbox 1121 3957 1171 4006; x_wconf 76' lang='lat'>121</span> <span class='ocrx_word' id='word_1_289' title='bbox 1193 3971 1224 4022; x_wconf 81' lang='lat' dir='ltr'>p.</span> <span class='ocrx_word' id='word_1_290' title='bbox 1243 3959 1300 4008; x_wconf 73' lang='lat'>149</span> 
     </span>
     <span class='ocr_line' id='line_1_32' title="bbox 155 4041 1300 4114; baseline -0.003 -12"><span class='ocrx_word' id='word_1_291' title='bbox 155 4051 185 4103; x_wconf 93' lang='grc'>11</span> <span class='ocrx_word' id='word_1_292' title='bbox 207 4048 411 4104; x_wconf 84' lang='lat' dir='ltr'>sed....cultu</span> <span class='ocrx_word' id='word_1_293' title='bbox 427 4063 478 4102; x_wconf 88' lang='lat' dir='ltr'>om.</span> <span class='ocrx_word' id='word_1_294' title='bbox 494 4046 552 4099; x_wconf 73' lang='lat'>3⁸8¹</span> <span class='ocrx_word' id='word_1_295' title='bbox 626 4063 656 4098; x_wconf 83' lang='lat' dir='ltr'>ex</span> <span class='ocrx_word' id='word_1_296' title='bbox 676 4045 749 4098; x_wconf 85' lang='lat' dir='ltr'>cultu</span> <span class='ocrx_word' id='word_1_297' title='bbox 765 4044 841 4097; x_wconf 89' lang='lat' dir='ltr'>dela</span> <span class='ocrx_word' id='word_1_298' title='bbox 898 4044 930 4097; x_wconf 81' lang='lat'>12</span> <span class='ocrx_word' id='word_1_299' title='bbox 946 4041 1087 4112; x_wconf 88' lang='lat' dir='ltr'>quodlibet</span> <span class='ocrx_word' id='word_1_300' title='bbox 1102 4061 1127 4106; x_wconf 85' lang='grc' dir='ltr'>α,</span> <span class='ocrx_word' id='word_1_301' title='bbox 1141 4044 1300 4114; x_wconf 63' lang='lat' dir='ltr'>domama</span> 
     </span>
     <span class='ocr_line' id='line_1_33' title="bbox 154 4130 1299 4200; baseline -0.007 -8"><span class='ocrx_word' id='word_1_302' title='bbox 154 4142 187 4194; x_wconf 79' lang='lat'>15</span> <span class='ocrx_word' id='word_1_303' title='bbox 206 4137 320 4191; x_wconf 87' lang='lat' dir='ltr'>thriscia</span> <span class='ocrx_word' id='word_1_304' title='bbox 340 4154 365 4198; x_wconf 84' lang='lat' dir='ltr'>a,</span> <span class='ocrx_word' id='word_1_305' title='bbox 384 4135 544 4189; x_wconf 85' lang='lat' dir='ltr'>thrischiab</span> <span class='ocrx_word' id='word_1_306' title='bbox 584 4136 614 4188; x_wconf 74' lang='lat'>17</span> <span class='ocrx_word' id='word_1_307' title='bbox 636 4133 763 4187; x_wconf 85' lang='lat' dir='ltr'>eusebian</span> <span class='ocrx_word' id='word_1_308' title='bbox 784 4132 953 4200; x_wconf 79' lang='lat' dir='ltr'>ablpsab</span> <span class='ocrx_word' id='word_1_309' title='bbox 962 4135 995 4198; x_wconf 55' lang='grc' dir='ltr'>ᾗς</span> <span class='ocrx_word' id='word_1_310' title='bbox 1016 4130 1174 4184; x_wconf 86' lang='lat' dir='ltr'>theosebian</span> <span class='ocrx_word' id='word_1_311' title='bbox 1190 4149 1217 4195; x_wconf 85' lang='lat' dir='ltr'>e,·</span> <span class='ocrx_word' id='word_1_312' title='bbox 1236 4133 1299 4184; x_wconf 78' lang='lat' dir='ltr'>brc-</span> 
     </span>
     <span class='ocr_line' id='line_1_34' title="bbox 153 4221 1298 4294; baseline -0.004 -15"><span class='ocrx_word' id='word_1_313' title='bbox 153 4226 291 4294; x_wconf 78' lang='grc' dir='ltr'>σέβειανσ</span> <span class='ocrx_word' id='word_1_314' title='bbox 378 4241 514 4279; x_wconf 82' lang='lat' dir='ltr'>ueronon</span> <span class='ocrx_word' id='word_1_315' title='bbox 535 4241 587 4278; x_wconf 90' lang='lat' dir='ltr'>uno</span> <span class='ocrx_word' id='word_1_316' title='bbox 607 4240 689 4278; x_wconf 77' lang='lat' dir='ltr'>onas</span> <span class='ocrx_word' id='word_1_317' title='bbox 771 4238 902 4288; x_wconf 80' lang='lat' dir='ltr'>unosacp.</span> <span class='ocrx_word' id='word_1_318' title='bbox 923 4221 971 4273; x_wconf 84' lang='lat' dir='ltr'>lin.</span> <span class='ocrx_word' id='word_1_319' title='bbox 992 4239 1010 4274; x_wconf 88' lang='lat' dir='ltr'>a</span> <span class='ocrx_word' id='word_1_320' title='bbox 1083 4222 1114 4273; x_wconf 84' lang='lat'>21</span> <span class='ocrx_word' id='word_1_321' title='bbox 1136 4237 1185 4274; x_wconf 91' lang='lat' dir='ltr'>nos</span> <span class='ocrx_word' id='word_1_322' title='bbox 1205 4237 1261 4273; x_wconf 85' lang='lat' dir='ltr'>esse</span> <span class='ocrx_word' id='word_1_323' title='bbox 1279 4239 1298 4288; x_wconf 90' lang='lat' dir='ltr'>p</span> 
     </span>
    </p>
   </div>
   <div class='ocr_carea' id='block_1_6' title="bbox 151 4327 1299 4419">
    <p class='ocr_par' dir='ltr' id='par_1_6' title="bbox 151 4327 1299 4419">
     <span class='ocr_line' id='line_1_35' title="bbox 151 4327 1299 4419; baseline -0.004 -15"><span class='ocrx_word' id='word_1_324' title='bbox 151 4327 259 4415; x_wconf 63' lang='lat' dir='ltr'>nonin</span> <span class='ocrx_word' id='word_1_325' title='bbox 277 4328 430 4419; x_wconf 61' lang='lat' dir='ltr'>morano</span> <span class='ocrx_word' id='word_1_326' title='bbox 482 4349 516 4402; x_wconf 83' lang='lat'>23</span> <span class='ocrx_word' id='word_1_327' title='bbox 537 4365 569 4402; x_wconf 85' lang='lat' dir='ltr'>an</span> <span class='ocrx_word' id='word_1_328' title='bbox 590 4347 698 4401; x_wconf 83' lang='lat' dir='ltr'>aliunde</span> <span class='ocrx_word' id='word_1_329' title='bbox 718 4348 770 4417; x_wconf 88' lang='lat' dir='ltr'>ipsi</span> <span class='ocrx_word' id='word_1_330' title='bbox 788 4365 848 4415; x_wconf 77' lang='lat' dir='ltr'>serp.</span> <span class='ocrx_word' id='word_1_331' title='bbox 867 4347 943 4400; x_wconf 63' lang='lat' dir='ltr'>lina</span> <span class='ocrx_word' id='word_1_332' title='bbox 1014 4349 1076 4398; x_wconf 82' lang='lat' dir='ltr'>sunt</span> <span class='ocrx_word' id='word_1_333' title='bbox 1095 4344 1204 4398; x_wconf 85' lang='lat' dir='ltr'>aliunde</span> <span class='ocrx_word' id='word_1_334' title='bbox 1222 4362 1299 4399; x_wconf 83' lang='lat' dir='ltr'>noas</span> 
     </span>
    </p>
   </div>
   <div class='ocr_carea' id='block_1_7' title="bbox 0 0 1572 4934">
    <p class='ocr_par' dir='ltr' id='par_1_7' title="bbox 0 0 1572 4934">
     <span class='ocr_line' id='line_1_36' title="bbox 0 0 1572 4934; baseline 0 2"><span class='ocrx_word' id='word_1_335' title='bbox 0 0 1572 4934; x_wconf 95' lang='lat' dir='ltr'> </span> 
     </span>
    </p>
   </div>
  </div>
 </body>
</html>
