3072 4930
379 461 430 515 De
459 461 633 515 ciuitate
662 459 724 515 dci
752 462 817 519 lib.
845 459 877 515 V.
903 478 976 530 cap.
997 461 1021 515 6.
1210 463 1274 528 217

125 656 256 720 elbora
285 655 532 737 conceptionalis
566 649 754 732 inueniatur,
787 655 890 719 multa
923 655 962 719 ab
989 655 1062 720 istis
1086 653 1148 719 dici
1180 673 1275 738 posse

124 761 289 827 diuinius?
305 760 394 827 Unde
409 761 505 826 etiam
519 760 600 826 illud
615 781 633 825 a
646 761 805 826 nonnullis
820 761 1030 844 praedicatur,
1047 760 1130 843 quod
1146 761 1275 842 quidam

124 869 251 952 sapiens
270 869 380 934 boram
400 867 506 954 elegit,
527 887 590 951 qua
608 886 680 932 curu
699 887 793 933 uxore
813 868 1045 946 concumberet,
1069 867 1152 931 unde
1172 866 1274 931 filium

123 976 304 1040 mirabilem
329 975 480 1059 gigneret.
514 974 605 1040 Unde
628 979 788 1055 postremo
814 977 846 1039 et
868 973 928 1038 hoc
952 979 1012 1052 est,
1037 973 1121 1056 quod
1146 973 1183 1037 de
1206 973 1273 1038 illis

91 1081 242 1163 aperitur
275 1081 512 1165 aegrotantibus
540 1080 676 1164 geminis
699 1079 901 1159 Posidonius,
925 1099 1060 1162 magnus
1092 1079 1274 1164 astrologus

124 1188 273 1270 idemque
291 1186 512 1270 philosophus,
532 1186 753 1270 respondebat,
772 1187 844 1252 ideo
863 1186 942 1264 fieri,
962 1186 1046 1268 quod
1070 1186 1179 1250 eodem
1194 1189 1274 1250 tem-

124 1313 197 1376 pore
229 1293 369 1358 fuissent
400 1294 466 1358 nati
494 1293 668 1376 eodemque
697 1293 852 1375 concepti.
898 1293 981 1357 Nam
1011 1292 1122 1375 utique
1146 1294 1274 1375 propter

124 1401 182 1466 hoc
211 1400 349 1464 addebat
376 1401 623 1482 conceptionem,
657 1419 696 1464 ne
720 1401 877 1465 diceretur·
905 1401 933 1464 ei
961 1417 1022 1464 non
1051 1399 1090 1463 ad
1112 1397 1273 1482 liquidum

125 1507 235 1572 codem
260 1511 402 1590 tempore
426 1507 570 1590 potuisse
594 1508 693 1586 nasci,
718 1525 798 1589 quos
823 1507 989 1572 constabat
1012 1507 1137 1571 omnino
1162 1505 1272 1570 codem

81 1619 266 1697 intempore
297 1614 397 1678 fuisse
431 1617 617 1697 conceptos,
650 1617 688 1678 ut
715 1614 786 1694 hoc,
819 1613 904 1697 quod
932 1613 1080 1678 similiter
1112 1613 1272 1694 simulque

123 1721 339 1804 aegrotabant,
363 1739 424 1786 non
440 1720 528 1786 daret
547 1721 584 1785 de
603 1721 744 1804 proximo
763 1720 830 1802 pari
851 1719 990 1802 corporis
1011 1721 1270 1802 temperamento,

123 1827 177 1892 scd
211 1828 343 1892 eandem
366 1845 491 1910 quoque
523 1827 717 1892 ualetudinis
750 1827 942 1910 parilitatem
976 1825 1108 1890 sidereis
1140 1824 1271 1890 nexibus

124 1931 287 2017 adligaret.
311 1931 344 1999 Si
368 1934 468 2018 igitur
490 1933 520 1998 in
546 1937 700 2017 conceptu
724 1937 812 1998 tenta
834 1933 885 1997 uis
910 1935 960 2014 ert
982 1933 1022 1996 ad
1046 1932 1271 2015 aequalitatem

123 2037 272 2116 fatorum,
296 2057 355 2104 non
380 2038 558 2103 debuerunt
579 2038 736 2104 nascendo
761 2037 868 2102 eadem
892 2037 958 2102 fata
979 2038 1106 2102 mutari.
1153 2037 1220 2101 Aut
1243 2036 1271 2100 si

80 2173 105 2212 rs
123 2147 288 2228 propterea
310 2147 475 2210 mutantur
496 2145 561 2210 fata
585 2145 793 2230 geminorum,
818 2144 891 2226 quia
913 2143 1110 2226 temporibus
1135 2143 1271 2208 diuersis

122 2253 305 2330 nascuntur,
340 2271 422 2334 quur
444 2271 505 2316 non
528 2253 636 2334 potius
662 2251 888 2334 intellegamus
916 2249 980 2314 iarn
1012 2250 1113 2314 fuisse
1136 2251 1270 2328 mutata,

122 2361 158 2420 ut
181 2357 318 2422 diuersis
350 2359 547 2440 temporibus
581 2361 806 2422 nascerentur?
852 2357 941 2421 Itane
974 2375 1036 2420 non
1068 2358 1173 2420 mutat
1204 2355 1271 2419 fata

123 2463 302 2528 natiuitatis
330 2465 479 2529 uoluntas
508 2465 699 2543 uiuentium,
733 2483 806 2528 cum
833 2465 936 2528 mutet
958 2464 1024 2528 tata
1052 2461 1269 2543 conceptionis

125 2569 198 2633 ordo
222 2571 443 2635 nascentium?

80 2766 106 2804 ao
591 2727 728 2794 CAPUT
750 2725 805 2792 VI.

392 2871 446 2935 De
470 2870 643 2956 geminis
667 2870 849 2954 disparis
875 2889 1001 2935 serus.

168 3011 368 3094 Quamquam
395 3015 427 3077 et
449 3011 479 3076 in
508 3011 587 3095 ipsis
616 3012 814 3095 geminorum
845 3011 1062 3096 conceptibus,
1095 3010 1151 3074 ubi
1184 3013 1269 3075 certe

124 3119 288 3184 amborum
322 3118 430 3184 eadem
462 3122 624 3184 momenta
657 3123 732 3183 sunt
759 3123 949 3202 temporum,
982 3117 1065 3182 unde
1088 3117 1125 3181 lit
1147 3120 1185 3181 ut
1207 3117 1268 3182 sub

124 3225 231 3290 eadem
255 3225 497 3291 constellatione
530 3225 621 3289 fatali
643 3225 722 3290 alter
745 3225 941 3307 concipiatur
963 3224 1137 3302 masculus,
1171 3222 1269 3287 altera

80 3357 106 3396 aa
122 3331 258 3397 femina?
282 3331 440 3398 Nouimus
464 3331 608 3417 geminos
628 3331 746 3396 diuersi
770 3351 873 3408 serus,
898 3331 990 3396 ambo
1014 3331 1117 3395 adbuc
1140 3329 1267 3408 uiuunt,

124 3438 214 3505 ambo
239 3441 341 3504 aetate
365 3438 467 3504 adhuc
491 3438 615 3523 uigent;
641 3458 775 3521 quorum
799 3457 872 3503 cum
896 3438 960 3502 sint
982 3437 1065 3502 inter
1088 3457 1122 3501 se
1145 3436 1266 3501 similes

158 3693 171 3746 1
192 3691 292 3762 dicilll,
310 3709 370 3746 mua
388 3707 495 3756 eraa‚,e
549 3693 566 3745 2
586 3690 704 3744 dininins
723 3691 782 3744 LA
795 3689 880 3743 Cab¹
893 3689 1047 3758 depqlcf
1063 3689 1177 3754 Domb.;
1196 3686 1266 3744 diui-

122 3797 170 3834 nos
190 3800 221 3848 α;
239 3780 340 3834 diuinis
360 3779 412 3836 b²v
474 3780 491 3834 3
510 3783 701 3835 concumneret
718 3779 777 3834 La
843 3779 859 3832 5
879 3778 1031 3847 astrologus
1050 3780 1073 3831 Λ
1129 3778 1161 3832 13
1179 3775 1267 3829 acrba

122 3869 186 3923 lade
203 3870 240 3925 ab
259 3868 294 3923 ad
312 3870 480 3939 aequitatem
497 3869 640 3938 usquead
656 3869 722 3938 ipsis
742 3867 851 3938 quidem
865 3884 896 3937 p.
911 3869 974 3930 218,
988 3869 1029 3920 25
1047 3867 1132 3920 aciae
1144 3864 1209 3932 folii
1221 3863 1268 3917 in-

123 3959 256 4012 clareia
278 3957 306 4012 L
329 3959 459 4014 accidiae
481 3965 506 4012 et
528 3959 602 4014 banc
627 3958 758 4012 lacunam
780 3959 812 4010 ia
835 3957 995 4027 apographo
1019 3955 1054 4008 ab
1079 3955 1136 4009 alio
1161 3955 1268 4007 dunum

120 4048 213 4102 acribo
230 4048 334 4102 inserto
351 4048 492 4116 singulari
503 4047 579 4114 folio
598 4047 733 4116 capriatam
746 4062 809 4111 ease,
821 4045 852 4100 in
861 4045 955 4116 praes.
970 4045 1066 4098 monui
1121 4043 1154 4097 14
1174 4041 1269 4096 eadem

119 4179 179 4232 cap.
199 4162 282 4220 aaz
334 4163 436 4216 factal
490 4161 513 4216 ei
531 4167 675 4234 propterea
692 4163 724 4216 ia
743 4161 845 4216 roaO
900 4163 931 4216 17
951 4159 1088 4214 mutatal
1143 4159 1176 4213 18
1196 4123 1268 4213 obm-

118 4281 208 4334 mutet
223 4277 259 4345 0,·
279 4241 445 4334 commdtdrl
497 4278 533 4332 22
552 4277 774 4348 conceptionibus
790 4277 800 4330 l
853 4278 888 4331 25
901 4277 1043 4342 Nouimus,
1058 4275 1120 4330 enit.
1136 4291 1158 4331 c.
1177 4273 1226 4336 VI,
1245 4273 1269 4328 0

118 4369 208 4424 adhuc
227 4369 325 4438 uigent
343 4368 435 4433 cudda
453 4368 549 4438 uigent
567 4367 686 4423 adhuco
