<?xml version="1.0" encoding="UTF-8"?>
<!DOCTYPE html PUBLIC "-//W3C//DTD XHTML 1.0 Transitional//EN"
    "http://www.w3.org/TR/xhtml1/DTD/xhtml1-transitional.dtd">
<html xmlns="http://www.w3.org/1999/xhtml" xml:lang="en" lang="en">
 <head>
  <title>
</title>
<meta http-equiv="Content-Type" content="text/html;charset=utf-8" />
  <meta name='ocr-system' content='tesseract 3.04.00' />
  <meta name='ocr-capabilities' content='ocr_page ocr_carea ocr_par ocr_line ocrx_word'/>
</head>
<body>
  <div class='ocr_page' id='page_1' title='image "./corpusscriptoru20wiengoog_0688.png"; bbox 0 0 3164 4932; ppageno 0'>
   <div class='ocr_carea' id='block_1_1' title="bbox 382 449 1308 520">
    <p class='ocr_par' dir='ltr' id='par_1_1' title="bbox 382 449 1308 520">
     <span class='ocr_line' id='line_1_1' title="bbox 382 449 1308 520; baseline 0.008 -18"><span class='ocrx_word' id='word_1_1' title='bbox 382 449 430 502; x_wconf 90' lang='lat' dir='ltr'>De</span> <span class='ocrx_word' id='word_1_2' title='bbox 460 450 634 503; x_wconf 88' lang='lat' dir='ltr'>ciuitate</span> <span class='ocrx_word' id='word_1_3' title='bbox 663 451 724 503; x_wconf 90' lang='lat' dir='ltr'>dei</span> <span class='ocrx_word' id='word_1_4' title='bbox 752 449 818 506; x_wconf 89' lang='lat' dir='ltr'>lib.</span> <span class='ocrx_word' id='word_1_5' title='bbox 846 450 921 504; x_wconf 85' lang='lat' dir='ltr'>XIII.</span> <span class='ocrx_word' id='word_1_6' title='bbox 950 467 1024 520; x_wconf 86' lang='lat' dir='ltr'>cup.</span> <span class='ocrx_word' id='word_1_7' title='bbox 1048 451 1091 506; x_wconf 83' lang='grc'>24.</span> <span class='ocrx_word' id='word_1_8' title='bbox 1245 453 1308 517; x_wconf 83' lang='grc'>657</span> 
     </span>
    </p>
   </div>
   <div class='ocr_carea' id='block_1_2' title="bbox 111 643 1311 3606">
    <p class='ocr_par' dir='ltr' id='par_1_2' title="bbox 160 643 1310 935">
     <span class='ocr_line' id='line_1_2' title="bbox 162 643 1309 729; baseline 0.002 -21"><span class='ocrx_word' id='word_1_9' title='bbox 162 643 341 709; x_wconf 76' lang='lat' dir='ltr'><strong>Creatorem</strong></span> <span class='ocrx_word' id='word_1_10' title='bbox 371 643 535 728; x_wconf 80' lang='lat' dir='ltr'>Spiritum,</span> <span class='ocrx_word' id='word_1_11' title='bbox 564 645 618 727; x_wconf 91' lang='lat' dir='ltr'>qui</span> <span class='ocrx_word' id='word_1_12' title='bbox 645 645 769 729; x_wconf 90' lang='lat' dir='ltr'>proprie</span> <span class='ocrx_word' id='word_1_13' title='bbox 798 644 915 709; x_wconf 91' lang='lat' dir='ltr'>dicitur</span> <span class='ocrx_word' id='word_1_14' title='bbox 941 645 972 708; x_wconf 95' lang='lat' dir='ltr'>in</span> <span class='ocrx_word' id='word_1_15' title='bbox 1001 645 1142 709; x_wconf 88' lang='lat' dir='ltr'>trinitate</span> <span class='ocrx_word' id='word_1_16' title='bbox 1171 645 1309 728; x_wconf 75' lang='lat' dir='ltr'>Spiritus</span> 
     </span>
     <span class='ocr_line' id='line_1_3' title="bbox 162 750 1310 838; baseline -0.001 -22"><span class='ocrx_word' id='word_1_17' title='bbox 162 754 302 830; x_wconf 89' lang='lat' dir='ltr'>sanctus,</span> <span class='ocrx_word' id='word_1_18' title='bbox 338 751 523 834; x_wconf 85' lang='lat' dir='ltr'>intellegere</span> <span class='ocrx_word' id='word_1_19' title='bbox 560 770 759 835; x_wconf 79' lang='lat' dir='ltr'>cogeremur3</span> <span class='ocrx_word' id='word_1_20' title='bbox 798 750 921 834; x_wconf 90' lang='lat' dir='ltr'>quando</span> <span class='ocrx_word' id='word_1_21' title='bbox 954 751 1080 833; x_wconf 89' lang='lat' dir='ltr'>quidem</span> <span class='ocrx_word' id='word_1_22' title='bbox 1113 759 1240 838; x_wconf 72' lang='grc' dir='ltr'>πνεῦμα,</span> <span class='ocrx_word' id='word_1_23' title='bbox 1273 755 1310 816; x_wconf 92' lang='lat' dir='ltr'>ut</span> 
     </span>
     <span class='ocr_line' id='line_1_4' title="bbox 160 853 1309 935; baseline -0.002 -13"><span class='ocrx_word' id='word_1_24' title='bbox 160 853 284 922; x_wconf 86' lang='lat' dir='ltr'>&#39;dictum</span> <span class='ocrx_word' id='word_1_25' title='bbox 318 861 377 934; x_wconf 83' lang='lat' dir='ltr'>est,</span> <span class='ocrx_word' id='word_1_26' title='bbox 410 877 471 921; x_wconf 91' lang='lat' dir='ltr'>non</span> <span class='ocrx_word' id='word_1_27' title='bbox 505 859 609 922; x_wconf 91' lang='lat' dir='ltr'>solum</span> <span class='ocrx_word' id='word_1_28' title='bbox 638 857 676 922; x_wconf 91' lang='lat' dir='ltr'>de</span> <span class='ocrx_word' id='word_1_29' title='bbox 705 857 862 935; x_wconf 85' lang='lat' dir='ltr'>Creatore,</span> <span class='ocrx_word' id='word_1_30' title='bbox 891 857 947 922; x_wconf 92' lang='lat' dir='ltr'>sed</span> <span class='ocrx_word' id='word_1_31' title='bbox 975 858 1070 922; x_wconf 84' lang='lat' dir='ltr'>etism</span> <span class='ocrx_word' id='word_1_32' title='bbox 1100 857 1138 922; x_wconf 93' lang='lat' dir='ltr'>de</span> <span class='ocrx_word' id='word_1_33' title='bbox 1167 861 1309 923; x_wconf 86' lang='lat' dir='ltr'>creatura</span> 
     </span>
    </p>

    <p class='ocr_par' dir='ltr' id='par_1_3' title="bbox 145 963 685 1031">
     <span class='ocr_line' id='line_1_5' title="bbox 145 963 685 1031; baseline 0 -3"><span class='ocrx_word' id='word_1_34' title='bbox 145 964 225 1030; x_wconf 69' lang='lat' dir='ltr'>&#39;dici</span> <span class='ocrx_word' id='word_1_35' title='bbox 249 964 351 1030; x_wconf 93' lang='lat' dir='ltr'>solere</span> <span class='ocrx_word' id='word_1_36' title='bbox 374 964 580 1029; x_wconf 85' lang='lat' dir='ltr'>menifestum</span> <span class='ocrx_word' id='word_1_37' title='bbox 605 963 685 1031; x_wconf 82' lang='lat' dir='ltr'>est&#39;</span> 
     </span>
    </p>

    <p class='ocr_par' dir='ltr' id='par_1_4' title="bbox 130 1069 1308 1361">
     <span class='ocr_line' id='line_1_6' title="bbox 130 1069 1308 1152; baseline 0.001 -20"><span class='ocrx_word' id='word_1_38' title='bbox 130 1093 142 1132; x_wconf 82' lang='lat' dir='ltr'>e</span> <span class='ocrx_word' id='word_1_39' title='bbox 208 1070 270 1136; x_wconf 86' lang='lat' dir='ltr'>Sed</span> <span class='ocrx_word' id='word_1_40' title='bbox 295 1089 367 1136; x_wconf 90' lang='lat' dir='ltr'>cum</span> <span class='ocrx_word' id='word_1_41' title='bbox 392 1070 533 1148; x_wconf 81' lang='lat' dir='ltr'>dixisset,</span> <span class='ocrx_word' id='word_1_42' title='bbox 557 1071 715 1152; x_wconf 86' lang='lat' dir='ltr'>inquiunt,</span> <span class='ocrx_word' id='word_1_43' title='bbox 735 1070 939 1152; x_wconf 89' lang='lat' dir='ltr'>spiritum,</span> <span class='ocrx_word' id='word_1_44' title='bbox 959 1089 1019 1134; x_wconf 92' lang='lat' dir='ltr'>non</span> <span class='ocrx_word' id='word_1_45' title='bbox 1040 1069 1168 1134; x_wconf 82' lang='lat' dir='ltr'>adderet</span> <span class='ocrx_word' id='word_1_46' title='bbox 1186 1070 1308 1146; x_wconf 85' lang='lat' dir='ltr'>uitae,</span> 
     </span>
     <span class='ocr_line' id='line_1_7' title="bbox 162 1175 1307 1259; baseline -0.002 -17"><span class='ocrx_word' id='word_1_47' title='bbox 162 1179 223 1242; x_wconf 87' lang='lat' dir='ltr'>nisi</span> <span class='ocrx_word' id='word_1_48' title='bbox 246 1178 338 1242; x_wconf 90' lang='lat' dir='ltr'>illum</span> <span class='ocrx_word' id='word_1_49' title='bbox 363 1180 507 1242; x_wconf 86' lang='lat' dir='ltr'>sanctum</span> <span class='ocrx_word' id='word_1_50' title='bbox 529 1177 680 1258; x_wconf 85' lang='lat' dir='ltr'>Spiritum</span> <span class='ocrx_word' id='word_1_51' title='bbox 706 1178 804 1241; x_wconf 88' lang='lat' dir='ltr'>uellet</span> <span class='ocrx_word' id='word_1_52' title='bbox 827 1176 985 1259; x_wconf 78' lang='lat' dir='ltr'>intellegi:</span> <span class='ocrx_word' id='word_1_53' title='bbox 1011 1179 1138 1240; x_wconf 89' lang='lat' dir='ltr'>etcum</span> <span class='ocrx_word' id='word_1_54' title='bbox 1163 1175 1307 1240; x_wconf 87' lang='lat' dir='ltr'>dixisset:</span> 
     </span>
     <span class='ocr_line' id='line_1_8' title="bbox 161 1283 1308 1361; baseline -0.002 -13"><span class='ocrx_word' id='word_1_55' title='bbox 161 1286 313 1350; x_wconf 80' lang='lat' dir='ltr'>Factus</span> <span class='ocrx_word' id='word_1_56' title='bbox 342 1287 405 1348; x_wconf 92' lang='lat' dir='ltr'>est</span> <span class='ocrx_word' id='word_1_57' title='bbox 432 1284 546 1349; x_wconf 89' lang='lat' dir='ltr'>homo</span> <span class='ocrx_word' id='word_1_58' title='bbox 574 1284 612 1347; x_wconf 93' lang='lat' dir='ltr'>in</span> <span class='ocrx_word' id='word_1_59' title='bbox 641 1284 820 1361; x_wconf 87' lang='lat' dir='ltr'>animam,</span> <span class='ocrx_word' id='word_1_60' title='bbox 849 1301 908 1347; x_wconf 91' lang='lat' dir='ltr'>non</span> <span class='ocrx_word' id='word_1_61' title='bbox 939 1283 1068 1346; x_wconf 87' lang='lat' dir='ltr'>adderet</span> <span class='ocrx_word' id='word_1_62' title='bbox 1091 1283 1308 1360; x_wconf 88' lang='lat' dir='ltr'>uiuentem,</span> 
     </span>
    </p>

    <p class='ocr_par' dir='ltr' id='par_1_5' title="bbox 111 1387 1311 1579">
     <span class='ocr_line' id='line_1_9' title="bbox 111 1387 1311 1474; baseline 0 -20"><span class='ocrx_word' id='word_1_63' title='bbox 111 1437 115 1446; x_wconf 82' lang='lat'>.</span> <span class='ocrx_word' id='word_1_64' title='bbox 161 1390 222 1454; x_wconf 90' lang='lat' dir='ltr'>nisi</span> <span class='ocrx_word' id='word_1_65' title='bbox 251 1388 373 1454; x_wconf 88' lang='lat' dir='ltr'>animae</span> <span class='ocrx_word' id='word_1_66' title='bbox 401 1390 501 1452; x_wconf 89' lang='lat' dir='ltr'>uitarn</span> <span class='ocrx_word' id='word_1_67' title='bbox 530 1387 732 1474; x_wconf 84' lang='lat' dir='ltr'>significaret,</span> <span class='ocrx_word' id='word_1_68' title='bbox 762 1407 841 1470; x_wconf 90' lang='lat' dir='ltr'>quaa</span> <span class='ocrx_word' id='word_1_69' title='bbox 873 1389 920 1453; x_wconf 91' lang='lat' dir='ltr'>illi</span> <span class='ocrx_word' id='word_1_70' title='bbox 958 1388 1111 1452; x_wconf 88' lang='lat' dir='ltr'>diuinitus</span> <span class='ocrx_word' id='word_1_71' title='bbox 1144 1389 1311 1472; x_wconf 85' lang='lat' dir='ltr'>inpertitur</span> 
     </span>
     <span class='ocr_line' id='line_1_10' title="bbox 161 1495 1307 1579; baseline 0.001 -19"><span class='ocrx_word' id='word_1_72' title='bbox 161 1497 242 1561; x_wconf 93' lang='lat' dir='ltr'>dono</span> <span class='ocrx_word' id='word_1_73' title='bbox 267 1496 405 1578; x_wconf 86' lang='lat' dir='ltr'>Spiritus</span> <span class='ocrx_word' id='word_1_74' title='bbox 429 1495 498 1560; x_wconf 91' lang='lat' dir='ltr'>Dei.</span> <span class='ocrx_word' id='word_1_75' title='bbox 538 1495 616 1560; x_wconf 84' lang='lat' dir='ltr'>Cum</span> <span class='ocrx_word' id='word_1_76' title='bbox 642 1497 725 1559; x_wconf 90' lang='lat' dir='ltr'>enim</span> <span class='ocrx_word' id='word_1_77' title='bbox 750 1496 840 1559; x_wconf 88' lang='lat' dir='ltr'>uiuat</span> <span class='ocrx_word' id='word_1_78' title='bbox 863 1495 976 1570; x_wconf 89' lang='lat' dir='ltr'>anima,</span> <span class='ocrx_word' id='word_1_79' title='bbox 1000 1495 1158 1578; x_wconf 87' lang='lat' dir='ltr'>inquiunt,</span> <span class='ocrx_word' id='word_1_80' title='bbox 1182 1497 1307 1579; x_wconf 92' lang='lat' dir='ltr'>proprio</span> 
     </span>
    </p>

    <p class='ocr_par' dir='ltr' id='par_1_6' title="bbox 117 1601 1309 2114">
     <span class='ocr_line' id='line_1_11' title="bbox 117 1601 1309 1685; baseline 0.002 -19"><span class='ocrx_word' id='word_1_81' title='bbox 117 1627 142 1666; x_wconf 82' lang='lat' dir='ltr'>ro</span> <span class='ocrx_word' id='word_1_82' title='bbox 161 1613 238 1667; x_wconf 85' lang='lat' dir='ltr'>suae</span> <span class='ocrx_word' id='word_1_83' title='bbox 266 1605 352 1668; x_wconf 88' lang='lat' dir='ltr'>uitae</span> <span class='ocrx_word' id='word_1_84' title='bbox 381 1603 485 1680; x_wconf 88' lang='lat' dir='ltr'>rnodo,</span> <span class='ocrx_word' id='word_1_85' title='bbox 514 1602 591 1682; x_wconf 90' lang='lat' dir='ltr'>quid</span> <span class='ocrx_word' id='word_1_86' title='bbox 614 1622 694 1685; x_wconf 90' lang='lat' dir='ltr'>opus</span> <span class='ocrx_word' id='word_1_87' title='bbox 719 1604 785 1666; x_wconf 87' lang='lat' dir='ltr'>erat</span> <span class='ocrx_word' id='word_1_88' title='bbox 809 1601 922 1666; x_wconf 84' lang='lat' dir='ltr'>addere</span> <span class='ocrx_word' id='word_1_89' title='bbox 947 1602 1163 1680; x_wconf 88' lang='lat' dir='ltr'>uiuentem,</span> <span class='ocrx_word' id='word_1_90' title='bbox 1187 1603 1248 1667; x_wconf 89' lang='lat' dir='ltr'>nisi</span> <span class='ocrx_word' id='word_1_91' title='bbox 1274 1606 1309 1668; x_wconf 93' lang='lat' dir='ltr'>ut</span> 
     </span>
     <span class='ocr_line' id='line_1_12' title="bbox 161 1707 1306 1793; baseline -0.001 -19"><span class='ocrx_word' id='word_1_92' title='bbox 161 1729 198 1774; x_wconf 88' lang='lat' dir='ltr'>ee</span> <span class='ocrx_word' id='word_1_93' title='bbox 225 1711 293 1775; x_wconf 91' lang='lat' dir='ltr'>uita</span> <span class='ocrx_word' id='word_1_94' title='bbox 316 1710 565 1793; x_wconf 79' lang='lat' dir='ltr'>intellegeretur,</span> <span class='ocrx_word' id='word_1_95' title='bbox 591 1728 670 1791; x_wconf 90' lang='lat' dir='ltr'>quae</span> <span class='ocrx_word' id='word_1_96' title='bbox 693 1710 742 1773; x_wconf 91' lang='lat' dir='ltr'>illi</span> <span class='ocrx_word' id='word_1_97' title='bbox 766 1729 822 1792; x_wconf 90' lang='lat' dir='ltr'>per</span> <span class='ocrx_word' id='word_1_98' title='bbox 845 1712 990 1773; x_wconf 90' lang='lat' dir='ltr'>sanctum</span> <span class='ocrx_word' id='word_1_99' title='bbox 1016 1707 1170 1791; x_wconf 86' lang='lat' dir='ltr'>Spiritum</span> <span class='ocrx_word' id='word_1_100' title='bbox 1194 1708 1306 1773; x_wconf 83' lang='lat' dir='ltr'>datur?</span> 
     </span>
     <span class='ocr_line' id='line_1_13' title="bbox 160 1815 1308 1900; baseline -0.002 -20"><span class='ocrx_word' id='word_1_101' title='bbox 160 1818 229 1881; x_wconf 89' lang='lat' dir='ltr'>Hoc</span> <span class='ocrx_word' id='word_1_102' title='bbox 268 1817 344 1898; x_wconf 90' lang='lat' dir='ltr'>quid</span> <span class='ocrx_word' id='word_1_103' title='bbox 377 1819 426 1880; x_wconf 92' lang='lat' dir='ltr'>est</span> <span class='ocrx_word' id='word_1_104' title='bbox 458 1815 544 1880; x_wconf 90' lang='lat' dir='ltr'>aliud</span> <span class='ocrx_word' id='word_1_105' title='bbox 576 1815 638 1880; x_wconf 91' lang='lat' dir='ltr'>nisi</span> <span class='ocrx_word' id='word_1_106' title='bbox 670 1815 839 1900; x_wconf 88' lang='lat' dir='ltr'>diligenter</span> <span class='ocrx_word' id='word_1_107' title='bbox 870 1834 925 1898; x_wconf 92' lang='lat' dir='ltr'>pro</span> <span class='ocrx_word' id='word_1_108' title='bbox 959 1815 1096 1879; x_wconf 85' lang='lat' dir='ltr'>humana</span> <span class='ocrx_word' id='word_1_109' title='bbox 1129 1815 1308 1898; x_wconf 90' lang='lat' dir='ltr'>suspicione</span> 
     </span>
     <span class='ocr_line' id='line_1_14' title="bbox 161 1919 1309 2005; baseline -0.002 -17"><span class='ocrx_word' id='word_1_110' title='bbox 161 1923 348 1988; x_wconf 81' lang='lat' dir='ltr'>contendere</span> <span class='ocrx_word' id='word_1_111' title='bbox 373 1926 405 1986; x_wconf 89' lang='lat' dir='ltr'>et</span> <span class='ocrx_word' id='word_1_112' title='bbox 428 1923 600 2004; x_wconf 88' lang='lat' dir='ltr'>scripturas</span> <span class='ocrx_word' id='word_1_113' title='bbox 624 1926 750 1986; x_wconf 83' lang='lat' dir='ltr'>sanotae</span> <span class='ocrx_word' id='word_1_114' title='bbox 774 1921 978 2005; x_wconf 82' lang='lat' dir='ltr'>neglegenter</span> <span class='ocrx_word' id='word_1_115' title='bbox 1001 1921 1187 1986; x_wconf 82' lang='lat' dir='ltr'>adtendere?</span> <span class='ocrx_word' id='word_1_116' title='bbox 1226 1919 1309 2000; x_wconf 85' lang='lat' dir='ltr'>Quid</span> 
     </span>
     <span class='ocr_line' id='line_1_15' title="bbox 161 2027 1307 2114; baseline -0.003 -19"><span class='ocrx_word' id='word_1_117' title='bbox 161 2031 243 2095; x_wconf 90' lang='lat' dir='ltr'>enirn</span> <span class='ocrx_word' id='word_1_118' title='bbox 274 2049 423 2114; x_wconf 83' lang='lat' dir='ltr'>magnum</span> <span class='ocrx_word' id='word_1_119' title='bbox 454 2033 521 2094; x_wconf 91' lang='lat' dir='ltr'>erat</span> <span class='ocrx_word' id='word_1_120' title='bbox 547 2049 607 2094; x_wconf 96' lang='lat' dir='ltr'>non</span> <span class='ocrx_word' id='word_1_121' title='bbox 631 2029 677 2091; x_wconf 91' lang='lat' dir='ltr'>ire</span> <span class='ocrx_word' id='word_1_122' title='bbox 699 2028 839 2111; x_wconf 83' lang='lat' dir='ltr'>longius,</span> <span class='ocrx_word' id='word_1_123' title='bbox 864 2028 974 2091; x_wconf 91' lang='lat' dir='ltr'>sedin</span> <span class='ocrx_word' id='word_1_124' title='bbox 1000 2027 1109 2092; x_wconf 89' lang='lat' dir='ltr'>eodem</span> <span class='ocrx_word' id='word_1_125' title='bbox 1133 2028 1204 2112; x_wconf 80' lang='lat' dir='ltr'>ipso</span> <span class='ocrx_word' id='word_1_126' title='bbox 1227 2028 1307 2092; x_wconf 91' lang='lat' dir='ltr'>libro</span> 
     </span>
    </p>

    <p class='ocr_par' dir='ltr' id='par_1_7' title="bbox 114 2133 1309 3606">
     <span class='ocr_line' id='line_1_16' title="bbox 117 2133 1307 2218; baseline 0.002 -22"><span class='ocrx_word' id='word_1_127' title='bbox 117 2159 143 2197; x_wconf 74' lang='lat' dir='ltr'>rs</span> <span class='ocrx_word' id='word_1_128' title='bbox 163 2136 258 2218; x_wconf 87' lang='lat' dir='ltr'>paulo</span> <span class='ocrx_word' id='word_1_129' title='bbox 289 2135 435 2218; x_wconf 88' lang='lat' dir='ltr'>superius</span> <span class='ocrx_word' id='word_1_130' title='bbox 464 2135 584 2218; x_wconf 84' lang='lat' dir='ltr'>legere:</span> <span class='ocrx_word' id='word_1_131' title='bbox 609 2133 815 2197; x_wconf 82' lang='lat' dir='ltr'>Producat</span> <span class='ocrx_word' id='word_1_132' title='bbox 842 2135 951 2196; x_wconf 87' lang='lat' dir='ltr'>terra</span> <span class='ocrx_word' id='word_1_133' title='bbox 979 2134 1148 2198; x_wconf 86' lang='lat' dir='ltr'>animam</span> <span class='ocrx_word' id='word_1_134' title='bbox 1172 2134 1307 2198; x_wconf 89' lang='lat' dir='ltr'>uiuen-</span> 
     </span>
     <span class='ocr_line' id='line_1_17' title="bbox 161 2240 1308 2324; baseline 0 -19"><span class='ocrx_word' id='word_1_135' title='bbox 161 2248 249 2318; x_wconf 89' lang='lat' dir='ltr'>tem,</span> <span class='ocrx_word' id='word_1_136' title='bbox 278 2242 402 2324; x_wconf 89' lang='lat' dir='ltr'>quando</span> <span class='ocrx_word' id='word_1_137' title='bbox 432 2241 580 2306; x_wconf 88' lang='lat' dir='ltr'>animalia</span> <span class='ocrx_word' id='word_1_138' title='bbox 602 2241 765 2305; x_wconf 82' lang='lat' dir='ltr'>terrestria</span> <span class='ocrx_word' id='word_1_139' title='bbox 788 2241 902 2304; x_wconf 86' lang='lat' dir='ltr'>cuncta</span> <span class='ocrx_word' id='word_1_140' title='bbox 926 2243 1030 2304; x_wconf 87' lang='lat' dir='ltr'>creata</span> <span class='ocrx_word' id='word_1_141' title='bbox 1053 2244 1148 2304; x_wconf 82' lang='lat' dir='ltr'>sunt?</span> <span class='ocrx_word' id='word_1_142' title='bbox 1187 2240 1308 2306; x_wconf 89' lang='lat' dir='ltr'>Deinde</span> 
     </span>
     <span class='ocr_line' id='line_1_18' title="bbox 160 2344 1306 2430; baseline -0.002 -20"><span class='ocrx_word' id='word_1_143' title='bbox 160 2348 330 2429; x_wconf 82' lang='lat' dir='ltr'>aliquantis</span> <span class='ocrx_word' id='word_1_144' title='bbox 350 2346 555 2430; x_wconf 87' lang='lat' dir='ltr'>interpositis,</span> <span class='ocrx_word' id='word_1_145' title='bbox 576 2345 606 2410; x_wconf 92' lang='lat' dir='ltr'>in</span> <span class='ocrx_word' id='word_1_146' title='bbox 627 2346 736 2409; x_wconf 90' lang='lat' dir='ltr'>eodem</span> <span class='ocrx_word' id='word_1_147' title='bbox 755 2348 862 2409; x_wconf 88' lang='lat' dir='ltr'>tamen</span> <span class='ocrx_word' id='word_1_148' title='bbox 881 2345 950 2428; x_wconf 93' lang='lat' dir='ltr'>ipso</span> <span class='ocrx_word' id='word_1_149' title='bbox 970 2345 1050 2410; x_wconf 92' lang='lat' dir='ltr'>libro</span> <span class='ocrx_word' id='word_1_150' title='bbox 1065 2344 1142 2427; x_wconf 89' lang='lat' dir='ltr'>quid</span> <span class='ocrx_word' id='word_1_151' title='bbox 1156 2363 1306 2428; x_wconf 81' lang='lat' dir='ltr'>magnum</span> 
     </span>
     <span class='ocr_line' id='line_1_19' title="bbox 160 2451 1306 2535; baseline -0.003 -17"><span class='ocrx_word' id='word_1_152' title='bbox 160 2457 227 2518; x_wconf 90' lang='lat' dir='ltr'>erat</span> <span class='ocrx_word' id='word_1_153' title='bbox 250 2453 413 2518; x_wconf 89' lang='lat' dir='ltr'>aduertere</span> <span class='ocrx_word' id='word_1_154' title='bbox 434 2453 516 2535; x_wconf 87' lang='lat' dir='ltr'>quod</span> <span class='ocrx_word' id='word_1_155' title='bbox 538 2453 693 2534; x_wconf 89' lang='lat' dir='ltr'>scripturn</span> <span class='ocrx_word' id='word_1_156' title='bbox 713 2455 776 2516; x_wconf 89' lang='lat' dir='ltr'>est:</span> <span class='ocrx_word' id='word_1_157' title='bbox 796 2451 844 2516; x_wconf 81' lang='lat' dir='ltr'>ut</span> <span class='ocrx_word' id='word_1_158' title='bbox 868 2451 1009 2528; x_wconf 84' lang='lat' dir='ltr'>omnia,</span> <span class='ocrx_word' id='word_1_159' title='bbox 1034 2469 1133 2532; x_wconf 89' lang='lat' dir='ltr'>quae</span> <span class='ocrx_word' id='word_1_160' title='bbox 1158 2451 1306 2516; x_wconf 90' lang='lat' dir='ltr'>habent</span> 
     </span>
     <span class='ocr_line' id='line_1_20' title="bbox 160 2556 1306 2644; baseline -0.002 -20"><span class='ocrx_word' id='word_1_161' title='bbox 160 2561 353 2644; x_wconf 86' lang='lat' dir='ltr'>spiritum</span> <span class='ocrx_word' id='word_1_162' title='bbox 386 2561 509 2636; x_wconf 89' lang='lat' dir='ltr'>uitae,</span> <span class='ocrx_word' id='word_1_163' title='bbox 545 2563 583 2623; x_wconf 91' lang='lat' dir='ltr'>et</span> <span class='ocrx_word' id='word_1_164' title='bbox 616 2559 755 2637; x_wconf 84' lang='lat' dir='ltr'>omnis,</span> <span class='ocrx_word' id='word_1_165' title='bbox 785 2559 853 2641; x_wconf 93' lang='lat' dir='ltr'>qui</span> <span class='ocrx_word' id='word_1_166' title='bbox 881 2561 968 2622; x_wconf 89' lang='lat' dir='ltr'>erat</span> <span class='ocrx_word' id='word_1_167' title='bbox 996 2577 1116 2639; x_wconf 90' lang='lat' dir='ltr'>super</span> <span class='ocrx_word' id='word_1_168' title='bbox 1144 2556 1306 2632; x_wconf 82' lang='lat' dir='ltr'>aridam,</span> 
     </span>
     <span class='ocr_line' id='line_1_21' title="bbox 114 2664 1308 2747; baseline -0.004 -15"><span class='ocrx_word' id='word_1_169' title='bbox 114 2694 140 2734; x_wconf 79' lang='lat' dir='ltr'>ao</span> <span class='ocrx_word' id='word_1_170' title='bbox 159 2671 343 2732; x_wconf 88' lang='lat' dir='ltr'>mortuus</span> <span class='ocrx_word' id='word_1_171' title='bbox 373 2671 443 2745; x_wconf 87' lang='lat' dir='ltr'>est,</span> <span class='ocrx_word' id='word_1_172' title='bbox 473 2686 544 2731; x_wconf 89' lang='lat' dir='ltr'>oum</span> <span class='ocrx_word' id='word_1_173' title='bbox 569 2667 742 2731; x_wconf 89' lang='lat' dir='ltr'>insinuaret</span> <span class='ocrx_word' id='word_1_174' title='bbox 765 2666 871 2731; x_wconf 88' lang='lat' dir='ltr'>omnia</span> <span class='ocrx_word' id='word_1_175' title='bbox 894 2684 973 2747; x_wconf 89' lang='lat' dir='ltr'>quae</span> <span class='ocrx_word' id='word_1_176' title='bbox 996 2664 1149 2729; x_wconf 89' lang='lat' dir='ltr'>uiuebant</span> <span class='ocrx_word' id='word_1_177' title='bbox 1170 2665 1201 2728; x_wconf 92' lang='lat' dir='ltr'>in</span> <span class='ocrx_word' id='word_1_178' title='bbox 1225 2667 1308 2728; x_wconf 88' lang='lat' dir='ltr'>terra</span> 
     </span>
     <span class='ocr_line' id='line_1_22' title="bbox 159 2771 1306 2858; baseline -0.005 -18"><span class='ocrx_word' id='word_1_179' title='bbox 159 2776 279 2858; x_wconf 86' lang='lat' dir='ltr'>perisse</span> <span class='ocrx_word' id='word_1_180' title='bbox 313 2773 456 2838; x_wconf 83' lang='lat' dir='ltr'>diluuio?</span> <span class='ocrx_word' id='word_1_181' title='bbox 499 2773 531 2839; x_wconf 86' lang='lat' dir='ltr'>Si</span> <span class='ocrx_word' id='word_1_182' title='bbox 566 2793 639 2858; x_wconf 85' lang='lat' dir='ltr'>ergo</span> <span class='ocrx_word' id='word_1_183' title='bbox 673 2777 706 2837; x_wconf 89' lang='lat' dir='ltr'>at</span> <span class='ocrx_word' id='word_1_184' title='bbox 738 2773 874 2837; x_wconf 90' lang='lat' dir='ltr'>animam</span> <span class='ocrx_word' id='word_1_185' title='bbox 906 2772 1068 2837; x_wconf 86' lang='lat' dir='ltr'>uiuentem</span> <span class='ocrx_word' id='word_1_186' title='bbox 1098 2775 1131 2836; x_wconf 92' lang='lat' dir='ltr'>et</span> <span class='ocrx_word' id='word_1_187' title='bbox 1158 2771 1306 2854; x_wconf 90' lang='lat' dir='ltr'>spiritum</span> 
     </span>
     <span class='ocr_line' id='line_1_23' title="bbox 160 2877 1307 2962; baseline -0.004 -15"><span class='ocrx_word' id='word_1_188' title='bbox 160 2883 244 2947; x_wconf 88' lang='lat' dir='ltr'>uitae</span> <span class='ocrx_word' id='word_1_189' title='bbox 264 2881 357 2945; x_wconf 89' lang='lat' dir='ltr'>etiam</span> <span class='ocrx_word' id='word_1_190' title='bbox 378 2881 409 2944; x_wconf 93' lang='lat' dir='ltr'>in</span> <span class='ocrx_word' id='word_1_191' title='bbox 429 2881 596 2962; x_wconf 84' lang='lat' dir='ltr'>pecoribus</span> <span class='ocrx_word' id='word_1_192' title='bbox 616 2881 806 2956; x_wconf 83' lang='lat' dir='ltr'>inueninrus,</span> <span class='ocrx_word' id='word_1_193' title='bbox 827 2879 1013 2960; x_wconf 86' lang='lat' dir='ltr'>sicutloqui</span> <span class='ocrx_word' id='word_1_194' title='bbox 1029 2877 1138 2942; x_wconf 89' lang='lat' dir='ltr'>diuina</span> <span class='ocrx_word' id='word_1_195' title='bbox 1152 2879 1307 2960; x_wconf 88' lang='lat' dir='ltr'>scriptura</span> 
     </span>
     <span class='ocr_line' id='line_1_24' title="bbox 160 2983 1308 3069; baseline -0.005 -16"><span class='ocrx_word' id='word_1_196' title='bbox 160 2987 336 3064; x_wconf 86' lang='lat' dir='ltr'>consueuit,</span> <span class='ocrx_word' id='word_1_197' title='bbox 375 2993 407 3051; x_wconf 91' lang='lat' dir='ltr'>et</span> <span class='ocrx_word' id='word_1_198' title='bbox 445 3005 516 3051; x_wconf 86' lang='lat' dir='ltr'>curn</span> <span class='ocrx_word' id='word_1_199' title='bbox 549 2988 609 3052; x_wconf 90' lang='lat' dir='ltr'>hoc</span> <span class='ocrx_word' id='word_1_200' title='bbox 642 3006 767 3069; x_wconf 89' lang='lat' dir='ltr'>quoque</span> <span class='ocrx_word' id='word_1_201' title='bbox 800 2989 880 3068; x_wconf 95' lang='lat' dir='ltr'>loco,</span> <span class='ocrx_word' id='word_1_202' title='bbox 914 2985 968 3049; x_wconf 91' lang='lat' dir='ltr'>ubi</span> <span class='ocrx_word' id='word_1_203' title='bbox 1001 2985 1133 3069; x_wconf 84' lang='lat' dir='ltr'>legitur:</span> <span class='ocrx_word' id='word_1_204' title='bbox 1168 2983 1308 3048; x_wconf 90' lang='lat' dir='ltr'>Omnia</span> 
     </span>
     <span class='ocr_line' id='line_1_25' title="bbox 159 3090 1307 3176; baseline -0.003 -19"><span class='ocrx_word' id='word_1_205' title='bbox 159 3113 259 3176; x_wconf 89' lang='lat' dir='ltr'>quae</span> <span class='ocrx_word' id='word_1_206' title='bbox 288 3093 438 3158; x_wconf 89' lang='lat' dir='ltr'>habent</span> <span class='ocrx_word' id='word_1_207' title='bbox 466 3093 659 3176; x_wconf 87' lang='lat' dir='ltr'>spiritum</span> <span class='ocrx_word' id='word_1_208' title='bbox 686 3095 809 3172; x_wconf 89' lang='lat' dir='ltr'>uitae,</span> <span class='ocrx_word' id='word_1_209' title='bbox 838 3112 898 3157; x_wconf 90' lang='lat' dir='ltr'>non</span> <span class='ocrx_word' id='word_1_210' title='bbox 928 3091 1067 3158; x_wconf 86' lang='lat' dir='ltr'>Graecus</span> <span class='ocrx_word' id='word_1_211' title='bbox 1095 3099 1221 3176; x_wconf 77' lang='grc' dir='ltr'>πνεῦμα,</span> <span class='ocrx_word' id='word_1_212' title='bbox 1251 3090 1307 3155; x_wconf 90' lang='lat' dir='ltr'>sed</span> 
     </span>
     <span class='ocr_line' id='line_1_26' title="bbox 115 3197 1309 3284; baseline -0.003 -20"><span class='ocrx_word' id='word_1_213' title='bbox 115 3227 140 3266; x_wconf 72' lang='lat' dir='ltr'>ae</span> <span class='ocrx_word' id='word_1_214' title='bbox 159 3200 252 3284; x_wconf 76' lang='grc' dir='ltr'>πνοὴν</span> <span class='ocrx_word' id='word_1_215' title='bbox 280 3199 406 3264; x_wconf 87' lang='lat' dir='ltr'>dixerit:</span> <span class='ocrx_word' id='word_1_216' title='bbox 436 3219 518 3278; x_wconf 81' lang='lat' dir='ltr'>quur</span> <span class='ocrx_word' id='word_1_217' title='bbox 544 3219 604 3264; x_wconf 92' lang='lat' dir='ltr'>non</span> <span class='ocrx_word' id='word_1_218' title='bbox 634 3199 784 3265; x_wconf 89' lang='lat' dir='ltr'>dicimus:</span> <span class='ocrx_word' id='word_1_219' title='bbox 810 3199 894 3280; x_wconf 79' lang='lat' dir='ltr'>Quid</span> <span class='ocrx_word' id='word_1_220' title='bbox 922 3217 1002 3283; x_wconf 91' lang='lat' dir='ltr'>opus</span> <span class='ocrx_word' id='word_1_221' title='bbox 1030 3202 1098 3262; x_wconf 90' lang='lat' dir='ltr'>erat</span> <span class='ocrx_word' id='word_1_222' title='bbox 1120 3201 1158 3262; x_wconf 92' lang='lat' dir='ltr'>ut</span> <span class='ocrx_word' id='word_1_223' title='bbox 1180 3197 1309 3262; x_wconf 89' lang='lat' dir='ltr'>adderet</span> 
     </span>
     <span class='ocr_line' id='line_1_27' title="bbox 158 3303 1307 3387; baseline -0.003 -18"><span class='ocrx_word' id='word_1_224' title='bbox 158 3307 378 3384; x_wconf 88' lang='lat' dir='ltr'>uiuentem,</span> <span class='ocrx_word' id='word_1_225' title='bbox 404 3325 476 3371; x_wconf 86' lang='lat' dir='ltr'>cum</span> <span class='ocrx_word' id='word_1_226' title='bbox 501 3308 605 3371; x_wconf 87' lang='lat' dir='ltr'>anima</span> <span class='ocrx_word' id='word_1_227' title='bbox 627 3307 689 3370; x_wconf 91' lang='lat' dir='ltr'>nisi</span> <span class='ocrx_word' id='word_1_228' title='bbox 713 3307 804 3372; x_wconf 88' lang='lat' dir='ltr'>uiuat</span> <span class='ocrx_word' id='word_1_229' title='bbox 827 3326 897 3371; x_wconf 88' lang='lat' dir='ltr'>esse</span> <span class='ocrx_word' id='word_1_230' title='bbox 920 3325 980 3370; x_wconf 93' lang='lat' dir='ltr'>non</span> <span class='ocrx_word' id='word_1_231' title='bbox 1004 3305 1128 3387; x_wconf 82' lang='lat' dir='ltr'>possit?</span> <span class='ocrx_word' id='word_1_232' title='bbox 1152 3309 1208 3369; x_wconf 88' lang='lat' dir='ltr'>aut</span> <span class='ocrx_word' id='word_1_233' title='bbox 1231 3303 1307 3386; x_wconf 91' lang='lat' dir='ltr'>quid</span> 
     </span>
     <span class='ocr_line' id='line_1_28' title="bbox 159 3409 1305 3496; baseline -0.003 -20"><span class='ocrx_word' id='word_1_234' title='bbox 159 3432 238 3496; x_wconf 90' lang='lat' dir='ltr'>opus</span> <span class='ocrx_word' id='word_1_235' title='bbox 267 3416 334 3477; x_wconf 90' lang='lat' dir='ltr'>erat</span> <span class='ocrx_word' id='word_1_236' title='bbox 363 3417 398 3477; x_wconf 92' lang='lat' dir='ltr'>ut</span> <span class='ocrx_word' id='word_1_237' title='bbox 425 3412 554 3479; x_wconf 90' lang='lat' dir='ltr'>adderet</span> <span class='ocrx_word' id='word_1_238' title='bbox 581 3414 703 3490; x_wconf 90' lang='lat' dir='ltr'>uitae,</span> <span class='ocrx_word' id='word_1_239' title='bbox 728 3433 801 3478; x_wconf 89' lang='lat' dir='ltr'>cum</span> <span class='ocrx_word' id='word_1_240' title='bbox 829 3413 961 3478; x_wconf 84' lang='lat' dir='ltr'>dixisset</span> <span class='ocrx_word' id='word_1_241' title='bbox 989 3412 1206 3494; x_wconf 84' lang='lat' dir='ltr'>spiritum?</span> <span class='ocrx_word' id='word_1_242' title='bbox 1244 3409 1305 3474; x_wconf 88' lang='lat' dir='ltr'>Sed</span> 
     </span>
     <span class='ocr_line' id='line_1_29' title="bbox 159 3516 1306 3606; baseline -0.004 -22"><span class='ocrx_word' id='word_1_243' title='bbox 159 3521 374 3606; x_wconf 75' lang='lat' dir='ltr'>intellegImus</span> <span class='ocrx_word' id='word_1_244' title='bbox 400 3521 566 3584; x_wconf 88' lang='lat' dir='ltr'>animam</span> <span class='ocrx_word' id='word_1_245' title='bbox 590 3521 797 3585; x_wconf 88' lang='lat' dir='ltr'>uiuentem</span> <span class='ocrx_word' id='word_1_246' title='bbox 823 3524 856 3584; x_wconf 94' lang='lat' dir='ltr'>et</span> <span class='ocrx_word' id='word_1_247' title='bbox 879 3519 1070 3601; x_wconf 87' lang='lat' dir='ltr'>spiritum</span> <span class='ocrx_word' id='word_1_248' title='bbox 1095 3517 1207 3582; x_wconf 91' lang='lat' dir='ltr'>uitae</span> <span class='ocrx_word' id='word_1_249' title='bbox 1231 3516 1306 3580; x_wconf 92' lang='lat' dir='ltr'>ecri-</span> 
     </span>
    </p>
   </div>
   <div class='ocr_carea' id='block_1_3' title="bbox 250 3747 745 3812">
    <p class='ocr_par' dir='ltr' id='par_1_8' title="bbox 250 3747 745 3812">
     <span class='ocr_line' id='line_1_30' title="bbox 250 3747 745 3812; baseline -0.002 -11"><span class='ocrx_word' id='word_1_250' title='bbox 250 3749 282 3803; x_wconf 86' lang='lat'>15</span> <span class='ocrx_word' id='word_1_251' title='bbox 302 3747 369 3803; x_wconf 88' lang='lat' dir='ltr'>Gen.</span> <span class='ocrx_word' id='word_1_252' title='bbox 391 3749 414 3812; x_wconf 91' lang='lat' dir='ltr'>l,</span> <span class='ocrx_word' id='word_1_253' title='bbox 434 3749 469 3802; x_wconf 81' lang='lat'>24</span> <span class='ocrx_word' id='word_1_254' title='bbox 526 3747 558 3801; x_wconf 84' lang='lat' dir='ltr'>le</span> <span class='ocrx_word' id='word_1_255' title='bbox 578 3747 645 3802; x_wconf 86' lang='lat' dir='ltr'>Gen.</span> <span class='ocrx_word' id='word_1_256' title='bbox 665 3749 690 3811; x_wconf 80' lang='lat'>7,</span> <span class='ocrx_word' id='word_1_257' title='bbox 710 3747 745 3800; x_wconf 94' lang='grc'>22</span> 
     </span>
    </p>
   </div>
   <div class='ocr_carea' id='block_1_4' title="bbox 158 3903 1306 4421">
    <p class='ocr_par' dir='ltr' id='par_1_9' title="bbox 158 3903 1306 4421">
     <span class='ocr_line' id='line_1_31' title="bbox 195 3903 1304 3978; baseline -0.004 -16"><span class='ocrx_word' id='word_1_258' title='bbox 195 3909 276 3978; x_wconf 91' lang='lat' dir='ltr'>lqui</span> <span class='ocrx_word' id='word_1_259' title='bbox 294 3925 380 3977; x_wconf 80' lang='lat' dir='ltr'>usque</span> <span class='ocrx_word' id='word_1_260' title='bbox 399 3908 438 3962; x_wconf 82' lang='lat' dir='ltr'>ad</span> <span class='ocrx_word' id='word_1_261' title='bbox 456 3911 565 3963; x_wconf 84' lang='lat' dir='ltr'>sanctus</span> <span class='ocrx_word' id='word_1_262' title='bbox 584 3909 662 3963; x_wconf 82' lang='lat' dir='ltr'>om.t</span> <span class='ocrx_word' id='word_1_263' title='bbox 716 3905 942 3962; x_wconf 85' lang='lat' dir='ltr'>5adtenderetb</span> <span class='ocrx_word' id='word_1_264' title='bbox 997 3904 1109 3959; x_wconf 80' lang='lat' dir='ltr'>tilium</span> <span class='ocrx_word' id='word_1_265' title='bbox 1123 3921 1201 3972; x_wconf 88' lang='lat' dir='ltr'>mss.‚·</span> <span class='ocrx_word' id='word_1_266' title='bbox 1218 3903 1304 3958; x_wconf 87' lang='lat' dir='ltr'>illice</span> 
     </span>
     <span class='ocr_line' id='line_1_32' title="bbox 159 3993 1304 4067; baseline -0.004 -16"><span class='ocrx_word' id='word_1_267' title='bbox 159 3997 289 4066; x_wconf 86' lang='lat' dir='ltr'>Spiritum</span> <span class='ocrx_word' id='word_1_268' title='bbox 305 4013 356 4052; x_wconf 77' lang='lat' dir='ltr'>coo.</span> <span class='ocrx_word' id='word_1_269' title='bbox 377 3996 403 4050; x_wconf 90' lang='lat' dir='ltr'><strong><em>V</em></strong></span> <span class='ocrx_word' id='word_1_270' title='bbox 474 3998 603 4067; x_wconf 88' lang='lat' dir='ltr'>Spiritum</span> <span class='ocrx_word' id='word_1_271' title='bbox 618 3999 770 4050; x_wconf 81' lang='lat' dir='ltr'>serictumu</span> <span class='ocrx_word' id='word_1_272' title='bbox 825 3995 1005 4064; x_wconf 74' lang='lat' dir='ltr'>deignarete</span> <span class='ocrx_word' id='word_1_273' title='bbox 1058 3993 1198 4048; x_wconf 83' lang='lat' dir='ltr'>9Etenim</span> <span class='ocrx_word' id='word_1_274' title='bbox 1214 4009 1304 4062; x_wconf 87' lang='lat' dir='ltr'>cump</span> 
     </span>
     <span class='ocr_line' id='line_1_33' title="bbox 160 4082 1306 4156; baseline -0.003 -18"><span class='ocrx_word' id='word_1_275' title='bbox 160 4087 190 4138; x_wconf 92' lang='lat' dir='ltr'>ll</span> <span class='ocrx_word' id='word_1_276' title='bbox 212 4090 297 4140; x_wconf 88' lang='lat' dir='ltr'>sanct.</span> <span class='ocrx_word' id='word_1_277' title='bbox 317 4087 380 4156; x_wconf 83' lang='lat' dir='ltr'>spir.</span> <span class='ocrx_word' id='word_1_278' title='bbox 405 4085 470 4154; x_wconf 84' lang='lat' dir='ltr'>Ve,·</span> <span class='ocrx_word' id='word_1_279' title='bbox 489 4087 551 4156; x_wconf 89' lang='lat' dir='ltr'>spir.</span> <span class='ocrx_word' id='word_1_280' title='bbox 572 4090 657 4140; x_wconf 88' lang='lat' dir='ltr'>sanct.</span> <span class='ocrx_word' id='word_1_281' title='bbox 678 4085 791 4154; x_wconf 82' lang='lat' dir='ltr'>aelpu</span> <span class='ocrx_word' id='word_1_282' title='bbox 857 4085 888 4138; x_wconf 88' lang='lat'>13</span> <span class='ocrx_word' id='word_1_283' title='bbox 907 4083 1102 4152; x_wconf 81' lang='lat' dir='ltr'>intellegenter</span> <span class='ocrx_word' id='word_1_284' title='bbox 1120 4082 1130 4136; x_wconf 82' lang='lat' dir='ltr'>l</span> <span class='ocrx_word' id='word_1_285' title='bbox 1194 4083 1227 4136; x_wconf 77' lang='lat'>14</span> <span class='ocrx_word' id='word_1_286' title='bbox 1247 4087 1306 4135; x_wconf 86' lang='lat' dir='ltr'>erut</span> 
     </span>
     <span class='ocr_line' id='line_1_34' title="bbox 158 4169 1305 4244; baseline -0.004 -16"><span class='ocrx_word' id='word_1_287' title='bbox 158 4190 247 4242; x_wconf 73' lang='lat' dir='ltr'>coep</span> <span class='ocrx_word' id='word_1_288' title='bbox 318 4174 348 4228; x_wconf 92' lang='lat' dir='ltr'>in</span> <span class='ocrx_word' id='word_1_289' title='bbox 367 4191 417 4228; x_wconf 91' lang='lat' dir='ltr'>om.</span> <span class='ocrx_word' id='word_1_290' title='bbox 442 4174 469 4228; x_wconf 88' lang='lat' dir='ltr'><strong><em>V</em></strong></span> <span class='ocrx_word' id='word_1_291' title='bbox 537 4175 607 4228; x_wconf 92' lang='lat' dir='ltr'>libro</span> <span class='ocrx_word' id='word_1_292' title='bbox 627 4174 721 4244; x_wconf 85' lang='lat' dir='ltr'>ipsoo</span> <span class='ocrx_word' id='word_1_293' title='bbox 778 4175 809 4226; x_wconf 85' lang='lat'>21</span> <span class='ocrx_word' id='word_1_294' title='bbox 831 4173 979 4244; x_wconf 70' lang='lat' dir='ltr'>periisset</span> <span class='ocrx_word' id='word_1_295' title='bbox 1052 4171 1155 4226; x_wconf 92' lang='lat' dir='ltr'>dilubio</span> <span class='ocrx_word' id='word_1_296' title='bbox 1180 4169 1206 4223; x_wconf 90' lang='lat' dir='ltr'><em>V</em></span> <span class='ocrx_word' id='word_1_297' title='bbox 1276 4169 1305 4224; x_wconf 88' lang='lat' dir='ltr'>Si</span> 
     </span>
     <span class='ocr_line' id='line_1_35' title="bbox 158 4260 1304 4332; baseline -0.003 -16"><span class='ocrx_word' id='word_1_298' title='bbox 158 4279 208 4318; x_wconf 87' lang='lat' dir='ltr'>om.</span> <span class='ocrx_word' id='word_1_299' title='bbox 233 4261 259 4315; x_wconf 90' lang='lat' dir='ltr'><em>V</em></span> <span class='ocrx_word' id='word_1_300' title='bbox 347 4264 380 4317; x_wconf 85' lang='grc'>27</span> <span class='ocrx_word' id='word_1_301' title='bbox 401 4281 460 4318; x_wconf 82' lang='lat' dir='ltr'>cunr</span> <span class='ocrx_word' id='word_1_302' title='bbox 480 4279 566 4331; x_wconf 77' lang='lat' dir='ltr'>usque</span> <span class='ocrx_word' id='word_1_303' title='bbox 584 4263 622 4317; x_wconf 87' lang='lat' dir='ltr'>ad</span> <span class='ocrx_word' id='word_1_304' title='bbox 640 4263 714 4316; x_wconf 87' lang='lat' dir='ltr'>uitae</span> <span class='ocrx_word' id='word_1_305' title='bbox 733 4278 783 4316; x_wconf 89' lang='lat' dir='ltr'>cm.</span> <span class='ocrx_word' id='word_1_306' title='bbox 798 4279 820 4330; x_wconf 84' lang='lat' dir='ltr'>p</span> <span class='ocrx_word' id='word_1_307' title='bbox 911 4261 946 4314; x_wconf 90' lang='grc'>28</span> <span class='ocrx_word' id='word_1_308' title='bbox 965 4261 1028 4332; x_wconf 86' lang='lat' dir='ltr'>spir.</span> <span class='ocrx_word' id='word_1_309' title='bbox 1049 4261 1122 4314; x_wconf 88' lang='lat' dir='ltr'>uitae</span> <span class='ocrx_word' id='word_1_310' title='bbox 1142 4264 1170 4314; x_wconf 87' lang='lat' dir='ltr'>et</span> <span class='ocrx_word' id='word_1_311' title='bbox 1189 4260 1304 4313; x_wconf 86' lang='lat' dir='ltr'>animam</span> 
     </span>
     <span class='ocr_line' id='line_1_36' title="bbox 158 4351 664 4421; baseline -0.002 -17"><span class='ocrx_word' id='word_1_312' title='bbox 158 4351 260 4406; x_wconf 91' lang='lat' dir='ltr'>uiuent.</span> <span class='ocrx_word' id='word_1_313' title='bbox 279 4367 296 4404; x_wconf 85' lang='lat' dir='ltr'>o</span> <span class='ocrx_word' id='word_1_314' title='bbox 376 4352 463 4421; x_wconf 88' lang='lat' dir='ltr'>spirit.</span> <span class='ocrx_word' id='word_1_315' title='bbox 482 4352 558 4404; x_wconf 86' lang='lat' dir='ltr'>uitae</span> <span class='ocrx_word' id='word_1_316' title='bbox 577 4368 628 4405; x_wconf 89' lang='lat' dir='ltr'>om.</span> <span class='ocrx_word' id='word_1_317' title='bbox 649 4351 664 4403; x_wconf 82' lang='lat' dir='ltr'>t</span> 
     </span>
    </p>
   </div>
   <div class='ocr_carea' id='block_1_5' title="bbox 184 4455 1268 4526">
    <p class='ocr_par' dir='ltr' id='par_1_10' title="bbox 184 4455 1268 4526">
     <span class='ocr_line' id='line_1_37' title="bbox 184 4455 1268 4526; baseline -0.008 -10"><span class='ocrx_word' id='word_1_318' title='bbox 184 4477 264 4516; x_wconf 86' lang='lat' dir='ltr'>xxxx</span> <span class='ocrx_word' id='word_1_319' title='bbox 278 4475 336 4526; x_wconf 62' lang='lat' dir='ltr'>sug.</span> <span class='ocrx_word' id='word_1_320' title='bbox 352 4487 422 4526; x_wconf 72' lang='lat' dir='ltr'>open</span> <span class='ocrx_word' id='word_1_321' title='bbox 436 4476 512 4516; x_wconf 71' lang='lat' dir='ltr'>saeuo</span> <span class='ocrx_word' id='word_1_322' title='bbox 527 4477 546 4518; x_wconf 83' lang='lat' dir='ltr'>v</span> <span class='ocrx_word' id='word_1_323' title='bbox 560 4486 612 4525; x_wconf 76' lang='lat' dir='ltr'>pm</span> <span class='ocrx_word' id='word_1_324' title='bbox 626 4475 644 4517; x_wconf 91' lang='lat'>1.</span> <span class='ocrx_word' id='word_1_325' title='bbox 1233 4455 1268 4508; x_wconf 81' lang='grc'>42</span> 
     </span>
    </p>
   </div>
   <div class='ocr_carea' id='block_1_6' title="bbox 0 0 1586 4932">
    <p class='ocr_par' dir='ltr' id='par_1_11' title="bbox 0 0 1586 4932">
     <span class='ocr_line' id='line_1_38' title="bbox 0 0 1586 4932; baseline 0 1"><span class='ocrx_word' id='word_1_326' title='bbox 0 0 1586 4932; x_wconf 95' lang='lat' dir='ltr'> </span> 
     </span>
    </p>
   </div>
  </div>
 </body>
</html>
