3108 4926
371 434 421 488 De
451 434 624 488 ciuitate
654 434 715 490 dei
742 433 806 490 lib.
835 435 911 492 VIII.
940 452 1017 506 cap.
1036 439 1061 492 6.
1225 441 1289 504 365

144 647 204 711 que
220 629 361 711 corporis
377 647 446 694 esse
462 629 656 707 sensibilem,
670 629 911 715 intellegibilem
930 631 1027 696 uitae.
1046 631 1181 696 Proinde
1200 633 1291 697 intel·

142 735 306 819 legibilem
322 735 460 817 speciem
475 735 618 802 sensibili
629 738 856 818 praetulerunt.
870 736 1040 802 Sensibilia
1054 737 1200 818 diedmus,
1211 759 1291 822 quae

143 841 216 906 uisu
240 845 394 924 tactuque
418 841 557 924 conponis
581 843 691 907 sentiri
712 847 845 925 queunt;
870 843 1099 928 intellegibilis,
1119 865 1200 929 quae
1220 865 1291 910 con·

144 951 257 1030 spectu
281 947 396 1013 mentis
419 947 573 1034 intellegi.
596 948 694 1012 Nulla
717 952 767 1014 est
790 948 873 1012 euim
897 950 1100 1032 pulchritudo
1121 953 1291 1034 corporalis

112 1057 213 1122 esiue
237 1056 269 1120 in
294 1059 380 1120 statu
405 1056 556 1140 corporis,
576 1058 660 1123 sicut
681 1060 730 1121 est
747 1055 858 1140 figura,
878 1056 948 1122 siue
966 1057 998 1121 in
1017 1061 1119 1136 motu,
1139 1058 1224 1123 sicut
1242 1062 1293 1124 est

142 1161 309 1241 cantilena,
326 1161 364 1227 de
384 1181 446 1246 qua
463 1182 524 1227 non
541 1163 665 1228 animus
680 1162 811 1228 iudicet.
832 1161 924 1242 Quod
938 1163 1079 1248 profecto
1095 1185 1155 1230 uon
1171 1168 1290 1248 posset,

142 1269 205 1334 nisi
224 1270 338 1334 melior
359 1270 389 1334 in
414 1271 470 1334 illo
495 1275 580 1335 esset
603 1270 681 1335 haec
706 1271 840 1353 species,
861 1273 929 1335 sioe
953 1275 1077 1336 tumore
1096 1272 1201 1351 molis,
1222 1271 1291 1337 sine

140 1377 278 1459 strepitu
301 1377 401 1454 uocIs,
423 1377 489 1442 sine
514 1377 616 1462 spatio
640 1379 692 1442 uel
715 1377 777 1442 loci
800 1379 854 1442 uel
877 1378 1040 1462 temporis.
1066 1377 1129 1444 Sed
1150 1378 1196 1443 ibi
1215 1397 1292 1462 quo·

140 1503 202 1566 que
226 1483 290 1547 nisi
313 1483 477 1548 mutabilis
501 1488 596 1562 esset,
617 1502 678 1548 non
702 1484 784 1548 allus
810 1483 871 1548 alio
895 1484 1010 1550 melius
1035 1485 1072 1549 de
1098 1485 1202 1568 specie
1222 1504 1292 1551 sen-

98 1618 123 1656 ιο
139 1589 228 1654 sibili
247 1589 417 1668 iudicaret;
437 1590 554 1654 melius
572 1589 765 1675 ingeniosior
781 1609 875 1673 quam
890 1589 1019 1670 tardior,
1033 1591 1149 1656 melius
1163 1593 1294 1675 peritior

139 1715 237 1778 quam
266 1695 440 1780 inperitior,
464 1697 579 1761 melius
608 1697 807 1762 exercitatior
834 1717 928 1779 quam
956 1697 1062 1762 minus
1091 1699 1292 1778 exercitatus,

140 1807 174 1868 et
200 1803 288 1868 idem
316 1804 384 1886 ipse
412 1822 505 1883 unus,
530 1822 603 1868 cum
628 1803 762 1887 proficit,
787 1804 902 1869 melius
926 1803 1038 1886 utique
1062 1809 1173 1888 postea
1197 1823 1291 1888 quam

140 1912 239 1993 prius.
281 1909 374 1990 Quod
403 1913 508 1976 autem
536 1911 650 1994 recipit
678 1911 779 1995 magis
805 1914 837 1976 et
859 1911 976 1988 minus,
1001 1911 1069 1976 sine
1093 1910 1292 1976 dubitatione

139 2017 298 2083 mutabile
331 2022 389 2083 est.
432 2017 522 2083 Unde
553 2017 711 2103 ingeniosi
744 2019 776 2082 et
808 2016 893 2083 docti
926 2021 959 2082 et
990 2019 1021 2085 in
1054 2017 1103 2084 his
1133 2017 1293 2084 exercitati

95 2152 121 2193 re
138 2125 288 2191 homines
326 2123 417 2189 lacile
456 2125 653 2209 collegerunt
690 2144 750 2190 non
784 2143 853 2190 esse
885 2126 917 2188 in
951 2124 997 2190 sis
1029 2124 1123 2189 rebus
1157 2125 1291 2208 primam

138 2233 294 2314 speciem,
314 2230 370 2295 ubi
393 2231 557 2296 mutabilis
582 2251 652 2296 esse
676 2231 884 2296 conuincitur.
910 2231 988 2298 Cum
1012 2231 1110 2316 igitur
1132 2232 1292 2296 incorum

138 2341 317 2420 conspectu
354 2341 387 2402 et
424 2356 537 2418 corpus
575 2341 607 2402 et
643 2337 767 2402 animus
803 2337 906 2421 magis
944 2337 1111 2421 minusque
1149 2337 1295 2420 speciosa

138 2449 261 2522 esseut,
290 2443 317 2508 si
350 2447 456 2508 autem
489 2444 574 2508 omni
607 2445 711 2526 specie
745 2463 848 2508 carere
880 2447 1021 2527 possent,
1051 2445 1176 2509 omnino
1205 2444 1294 2508 nulla

138 2554 265 2616 esseut:
294 2549 443 2616 uiderunt
470 2569 540 2614 esse
568 2549 687 2633 aliquid
710 2550 766 2614 ubi
789 2551 891 2634 prima
915 2554 1001 2615 esset
1022 2549 1293 2615 incommutabilis

95 2687 121 2724 ao
138 2661 171 2723 et
205 2657 281 2722 ideo
314 2675 371 2720 uec
408 2655 632 2740 conparabilis3
666 2657 768 2739 adque
795 2657 840 2721 ibi
869 2676 938 2722 esse
969 2677 1074 2722 rerum
1101 2657 1292 2740 principium

137 2763 324 2830 rectissime
360 2763 570 2841 crediderunt,
604 2762 687 2846 quod
724 2765 844 2829 lactum
882 2783 943 2829 non
977 2769 1063 2829 esset
1096 2769 1128 2828 st
1160 2783 1195 2828 ex
1229 2783 1292 2846 quo

136 2873 227 2936 facta
260 2872 376 2934 cuncta
407 2873 522 2935 essent.
562 2869 612 2934 Ita
644 2871 728 2954 quod
761 2873 871 2936 notum
900 2876 949 2936 est
975 2871 1046 2947 Dei,
1074 2871 1294 2936 manifestauit

138 2979 184 3042 eis
214 2978 299 3059 ipse,
323 2995 398 3041 cum
425 2975 463 3040 ab
488 2976 533 3041 eis
556 2975 732 3042 inuisibilia
756 2977 823 3042 eius
846 2996 902 3060 per
925 2996 970 3052 sa,
996 2995 1076 3059 quae
1100 2979 1291 3055 factasunt,

137 3085 307 3150 intellecta
338 3085 509 3166 conspecta
536 3087 623 3148 sunt:
659 3085 850 3166 sempiterna
877 3103 1003 3168 quoque
1031 3083 1134 3148 uirtus
1163 3084 1232 3150 eius
1261 3088 1294 3148 et

93 3218 118 3258 as
138 3191 310 3266 diuinitas;
344 3209 363 3254 a
391 3209 452 3274 quo
482 3191 577 3255 etiam
600 3189 746 3256 'uisibilia
775 3195 807 3255 et
833 3191 1020 3274 temporalia
1048 3194 1162 3257 cuncta
1189 3193 1294 3256 creata

139 3300 227 3364 sunt.
269 3297 357 3361 Haec
385 3296 422 3361 ds
450 3297 507 3361 ille
534 3300 633 3378 parte,
659 3315 753 3379 quam
777 3296 951 3380 physicam,
976 3297 1008 3361 id
1032 3300 1083 3361 est
1105 3298 1292 3375 natrrralem,

138 3406 340 3486 nuncupant,
364 3403 449 3468 dicta
471 3403 543 3468 sint.
737 3394 739 3398 ’

232 3691 270 3744 25
290 3689 366 3743 Rom.
390 3691 412 3756 1,
434 3689 525 3758 resq.

174 3869 192 3920 4
212 3865 343 3934 intellegi
361 3863 614 3933 Oabdtpaalc¹;
632 3865 758 3936 intellegi
776 3869 892 3936 possunt
906 3863 1040 3934 eqls²fv
1077 3865 1092 3917 7
1111 3865 1139 3916 in
1159 3866 1294 3918 mosceti

140 3953 347 4026 12prosecitl
421 3955 453 4008 13
471 3955 575 4024 recepit
594 3954 615 4007 l¹
701 3955 917 4022 maiuselpqs
999 3954 1139 4022 et]aute
1213 3954 1245 4006 14
1264 3953 1293 4006 in

138 4097 200 4148 saep.
222 4079 274 4132 lc'n.
296 4079 306 4130 l
394 4079 425 4132 17
445 4079 532 4132 maius
552 4079 575 4145 l;
592 4055 687 4141 maius,
706 4079 738 4132 in
755 4095 840 4148 marg.
860 4055 956 4148 magis,
976 4094 990 4134 e
1078 4077 1175 4140 minus,
1194 4077 1294 4132 olomeo

141 4185 203 4238 que,
224 4172 250 4222 e¹
328 4167 361 4223 18
380 4168 403 4221 si
422 4170 511 4221 autem
531 4167 625 4234 codd.;
643 4171 671 4221 et
689 4168 746 4222 sio
820 4168 852 4222 19
872 4171 945 4221 eeaet
963 4170 1022 4220 ets
1094 4167 1129 4221 20
1147 4165 1293 4234 corporalis

129 4249 241 4324 ,latete
306 4257 341 4310 22
361 4273 413 4325 quo
436 4255 468 4310 0¹
542 4256 599 4326 ipse
619 4256 713 4312 mauis.
731 4257 803 4312 cieo
867 4259 900 4310 25
919 4255 1114 4310 iuuisibiliaO
1165 4255 1200 4309 26
1219 4255 1294 4310 Haec

139 4348 203 4402 init.
224 4362 247 4400 c.
272 4343 377 4400 VIIO
