3072 4928
282 431 324 494 84
625 427 651 482 S.
680 425 838 482 Aurelii
865 425 1086 496 Augustini

282 623 430 705 quoniam
453 623 654 689 metuebatur
670 621 802 700 bellum,
823 621 907 705 quod
930 639 983 685 rex
1002 619 1201 702 Tarquinius
1210 639 1307 704 regno
1328 619 1431 702 adque

204 727 207 734 '
281 729 366 795 Urbe
394 731 508 812 pulsus
535 731 679 796 Etruscis
708 729 848 794 sociatus
878 731 986 794 contra
1009 729 1168 794 Romanos
1197 728 1336 812 gerebat.
1368 727 1431 792 Ad-

281 836 376 901 tende
394 835 503 920 itaquo
522 835 599 920 quid
617 835 729 900 deinde
749 838 908 900 conterat:
927 835 1029 914 ‘Dein
1043 833 1156 918 inquit,
1172 835 1281 900 seruili
1298 835 1431 916 imperio

280 946 386 1026 patres
423 943 548 1026 plebem
587 961 737 1020 exercere,
776 941 814 1006 dc
850 941 920 1007 uita
956 942 1058 1025 adque
1093 945 1184 1026 tergo
1220 941 1307 1025 regio
1345 959 1431 1005 more

282 1049 455 1128 consulere,
485 1067 560 1132 agro
587 1048 705 1131 pellere
734 1053 766 1113 et
794 1049 908 1114 ceteris
937 1050 1118 1133 expertibus
1147 1049 1207 1115 soli
1234 1049 1265 1112 in
1298 1049 1430 1132 imperio
1461 1069 1473 1108 a

281 1174 383 1240 agere.
405 1153 527 1234 Quibus
547 1155 691 1222 saeuitiis
710 1158 743 1219 et
760 1155 896 1220 maxime
914 1155 1041 1222 faenore
1061 1156 1212 1240 obpressa
1229 1154 1339 1238 plebes
1358 1173 1430 1218 cnm

282 1261 423 1326 adsiduis
451 1261 544 1326 bellis
572 1261 729 1326 tributum
759 1265 791 1326 et
816 1260 966 1326 militiam
995 1262 1092 1328 simul
1123 1262 1282 1338 tolerarat,
1312 1263 1432 1325 armata

281 1370 421 1433 montem
451 1385 574 1432 sacrum
609 1366 711 1448 adque
738 1365 933 1432 Auentinum
965 1365 1093 1446 insedit,
1121 1369 1255 1450 tumque
1286 1366 1431 1430 bibnnos
1521 1435 1522 1458 χ

281 1474 383 1558 plebis
416 1477 448 1540 et
475 1472 537 1539 alia
563 1473 633 1538 iura
661 1472 723 1538 sibi
751 1473 885 1555 parauit.
927 1473 1164 1538 Discordiarum
1192 1477 1225 1538 et
1252 1472 1431 1538 certaminis
1520 1463 1522 1598 ¹

281 1581 442 1663 utrimque
465 1578 536 1643 finis
559 1579 622 1644 fuit
645 1579 820 1644 secundum
839 1577 996 1644 Punicum
1019 1577 1163 1644 bellum?
1187 1577 1295 1645 Cernis
1315 1597 1351 1644 er
1369 1598 1430 1660 quo
1451 1603 1473 1642 ro
1521 1601 1522 1648 3

281 1695 435 1770 tempore,
463 1685 496 1749 id
526 1689 577 1750 ast
602 1705 701 1768 paruo
729 1685 898 1750 interuallo
927 1688 1001 1770 post
1033 1703 1123 1771 reges
1156 1689 1293 1764 erectos,
1321 1683 1430 1769 quales

280 1793 415 1858 Romani
444 1791 633 1870 fuerintne
661 1792 778 1875 quibus
807 1793 865 1857 ait:
890 1792 954 1857 ‘Ius
981 1792 1162 1876 bonumque
1192 1795 1270 1874 aput
1292 1809 1348 1858 eos
1371 1811 1430 1856 non

280 1900 409 1984 legibus
432 1899 535 1982 magis
561 1917 655 1982 quam
679 1902 792 1964 natura
815 1899 966 1964 ualebat?

326 2006 423 2071 Porro
448 2005 475 2070 si
497 2005 554 2070 illa
576 2009 721 2090 tempora
743 2005 822 2070 talia
843 2005 1052 2088 reperiuntur,
1076 2005 1193 2089 quibus
1220 2005 1432 2089 pulcherrima

284 2113 385 2196 adque
418 2111 537 2194 optima
569 2111 668 2177 fuisse
700 2112 900 2196 praedicatur
930 2112 1072 2178 Romana
1102 2131 1152 2178 res
1189 2113 1327 2195 publica,
1357 2111 1432 2194 quid
1451 2135 1472 2174 a

281 2220 345 2284 iarn
362 2217 399 2282 da
415 2219 619 2300 consequenti
636 2223 739 2284 aetate
755 2219 923 2284 dicendum
938 2223 994 2284 ant
1012 2219 1214 2304 cogitandum
1233 2219 1431 2295 arbitramur,

283 2343 355 2390 cunr
384 2324 546 2408 ‘paulatim
577 2328 707 2400 mutata,
737 2330 772 2390 nt
801 2326 942 2391 eiusdem
969 2324 1114 2392 historici
1146 2326 1253 2392 uerbis
1288 2329 1366 2404 utar,
1397 2345 1431 2390 er

282 2431 494 2514 pulcherrima
512 2432 614 2514 adque
639 2431 758 2516 optima
776 2432 916 2514 pessima
934 2449 970 2497 ac
989 2431 1241 2518 flagitiosissima
1258 2433 1343 2498 facta
1361 2429 1434 2510 est‚'

281 2540 356 2620 post
379 2537 577 2622 Carthaginis
601 2537 763 2618 uidelicet,
788 2541 824 2603 ut
847 2540 1117 2616 commemorauit,
1142 2538 1319 2604 excidium?
1344 2539 1431 2620 Quas

282 2647 424 2726 tempora
450 2644 519 2728 ipse
544 2643 718 2710 Sallustius
746 2664 840 2728 quem
869 2645 908 2710 ad
936 2645 1067 2712 modurn
1094 2644 1234 2711 breuiter
1254 2647 1377 2712 recolat
1400 2648 1430 2710 et
1447 2667 1470 2706 a
1520 2631 1521 2694 l

284 2750 453 2828 describat,
477 2752 508 2815 in
537 2751 606 2816 eius
633 2751 768 2816 historia
790 2752 855 2836 legi
878 2756 998 2835 potest;
1027 2753 1154 2836 quantis
1178 2752 1272 2818 malis
1296 2771 1430 2827 morum,

284 2875 364 2939 quae
386 2856 533 2921 secundis
552 2856 648 2922 robus
667 2859 877 2934 enodarunt,
896 2875 997 2940 usque
1017 2857 1057 2922 ad
1074 2858 1159 2923 balla
1177 2859 1287 2924 ciuilia
1306 2859 1431 2922 demon-

284 2967 363 3028 stret
386 2981 457 3027 esse
475 2967 673 3046 peruentum.
698 2965 752 3029 ‘Ex
772 2981 833 3046 quo
853 2967 1005 3048 tempore,
1025 2968 1062 3029 ut
1080 2965 1134 3042 ait,
1153 2965 1308 3030 maiorum
1326 2983 1430 3028 mores

282 3089 343 3134 non
373 3069 526 3152 paulatim
554 3072 591 3133 ut
619 3073 719 3148 antea,
745 3070 801 3136 sed
829 3071 977 3136 torrentis
1001 3071 1095 3136 modo
1118 3071 1329 3155 praecipitati,
1352 3070 1429 3136 adeo

282 3176 434 3242 iuuentus
470 3175 546 3240 luxu
584 3176 685 3260 adque
722 3177 856 3242 auaritia
892 3181 1049 3262 corrupta,
1082 3180 1119 3242 ut
1154 3177 1268 3243 merito
1306 3177 1469 3243 ditatura

374 3409 406 3462 19
426 3407 484 3463 Cat.
504 3410 530 3474 5,
549 3409 565 3463 9
620 3411 654 3466 23
673 3409 745 3464 Hist.
764 3410 787 3473 Ι,
808 3412 841 3465 12

319 3565 421 3620 2nrbe
440 3581 490 3620 om.
513 3566 545 3620 0ι
618 3568 741 3639 gerebat]
762 3570 907 3638 agebatG
970 3568 1068 3624 3dein
1087 3568 1311 3634 Ln0a²tdo;
1331 3569 1428 3624 deinde

278 3671 357 3724 ppo
370 3659 404 3721 f;
424 3653 521 3708 debinc
541 3653 594 3709 a¹e
649 3659 665 3712 5
684 3658 840 3728 expartibus
858 3655 892 3712 Αι
949 3659 965 3712 6
988 3659 1081 3729 plebes
1099 3659 1170 3723 Ln;
1190 3659 1266 3728 plebs
1288 3659 1386 3714 Credi.
1404 3675 1429 3713 o.

285 3741 400 3795 isimul
420 3745 448 3795 et
466 3743 626 3798 militiamo
687 3745 881 3801 8abentinum
900 3747 959 3800 ΕΛ
1031 3747 1155 3801 tribunus
1176 3747 1210 3801 0¹
1263 3749 1359 3802 iliura
1376 3749 1428 3802 sibi

283 3827 411 3897 Lrlpa5
431 3829 485 3882 sibi
502 3831 562 3884 iura
582 3831 817 3903 Oobdeqkfv
904 3835 937 3891 10
954 3836 1082 3906 punicum
1100 3835 1201 3890 bellurn
1219 3835 1286 3900 LA,
1306 3853 1341 3890 m.
1360 3837 1429 3890 tin

285 3951 405 4049 utroque¹
418 3944 488 3999 libro
508 3949 721 4017 transpositione
739 3955 840 4006 notato
896 3951 928 4005 14
946 3911 1122 4021 tempore‘iia
1141 3951 1165 4006 0
1218 3968 1322 4023 repper.
1341 3951 1430 4006 de

285 4059 318 4112 15
337 4059 446 4129 qnidam
466 4060 492 4114 L
565 4064 598 4118 17
616 4067 705 4120 mutat
723 4069 771 4120 ant
792 4065 824 4119 0ι
915 4067 1008 4122 storici
1027 4067 1069 4136 L‚·
1090 4067 1244 4138 ystoricill
1316 4065 1351 4124 20
1369 4067 1427 4137 ipre

284 4163 335 4204 om.
357 4147 391 4200 0¹
462 4149 666 4206 brebiterLO¹
739 4157 767 4208 et
784 4171 845 4223 sup.
866 4155 956 4208 tino
1007 4157 1041 4210 22
1062 4172 1092 4209 ex
1111 4154 1265 4209 secundise
1336 4155 1430 4209 cibilia

283 4235 342 4289 LA
415 4236 613 4303 demonstraret
633 4239 657 4294 0
708 4241 743 4296 23
763 4247 921 4311 peruentum
941 4244 1018 4298 codd.
1038 4251 1147 4314 excepto
1168 4243 1197 4308 0,
1216 4261 1243 4309 o;
1265 4249 1428 4315 prouentum

286 4322 423 4380 CDomb.
479 4329 666 4384 recorrentes
687 4329 720 4384 0¹
