3164 4932
389 439 440 492 De
468 438 642 491 ciuitate
671 437 731 492 dei
759 437 824 492 lib.
848 437 922 492 XIII.
947 455 1021 510 cap.
1046 440 1089 494 23.
1247 443 1308 508 651

163 633 318 699 moriendi
344 633 581 710 necessitatem
611 633 675 700 tale
703 653 758 719 pro
787 635 879 700 nobis
908 635 1004 700 etiam
1033 633 1178 702 Christus
1206 637 1312 720 primi-

164 745 218 804 tus
236 739 352 804 habere
371 740 521 824 dignatus
542 745 601 818 est,
621 761 681 806 non
702 741 831 824 quidem
849 741 1120 820 necessitatene
1139 745 1311 824 potestate;

163 849 277 930 postea
298 864 373 911 uero
393 847 546 930 spiritale,
566 849 660 931 quale
678 849 742 914 iam
761 849 935 932 praecessit
952 849 984 914 iu
1005 848 1130 914 Christo
1149 853 1313 932 tamquam

164 953 195 1017 ln
220 953 323 1036 eapite
346 957 465 1032 nostro,
491 959 676 1020 secuturum
696 958 745 1020 est
764 959 870 1020 autern
889 955 920 1019 in
939 956 1091 1020 membris
1111 955 1179 1020 eiua
1199 955 1313 1020 ultima

132 1059 393 1126 anesumeotione
416 1065 620 1128 mortuorum.

208 1167 365 1252 Adiungit
397 1167 508 1233 deinde
537 1169 703 1252 apostolus
732 1168 866 1234 duomm
894 1169 1029 1233 istorum
1056 1168 1219 1234 hominum
1248 1167 1312 1233 eui-

166 1275 385 1340 dentissimam
415 1274 623 1340 differentiam
652 1274 775 1339 dloens:
803 1275 962 1340 Primus
991 1275 1104 1339 homo
1135 1275 1314 1339 deterre

165 1385 363 1460 terrenus,
384 1381 588 1447 secundus
608 1381 721 1446 homo
743 1381 788 1446 de
808 1382 919 1447 eaelo
939 1382 1147 1448 eoelestis.
1169 1380 1314 1462 Qualis

164 1490 367 1566 terrenus,
397 1489 504 1552 tales
533 1491 572 1552 et
598 1487 767 1562 terreni;
800 1487 935 1569 qualis
965 1487 1176 1562 caelestis,
1205 1486 1313 1550 tales

123 1596 206 1658 anet
244 1593 460 1659 caelestes.
506 1593 555 1658 ut
591 1612 665 1676 qno
701 1593 814 1658 modo
852 1593 1060 1658 induimus
1097 1593 1312 1677 imaginem

166 1700 331 1778 terreni,
354 1699 569 1782 induamus
594 1703 632 1765 et
660 1701 877 1784 Imaginem
906 1699 1005 1780 eius,
1030 1699 1097 1784 qui
1127 1699 1171 1764 de
1199 1700 1314 1765 eaelo

166 1809 239 1870 est.
280 1807 350 1872 Hoo
387 1807 552 1890 apostolus
584 1807 630 1872 ita
662 1808 780 1890 posuit,
814 1811 850 1873 ut
882 1826 965 1872 nune
998 1806 1124 1890 quidem
1157 1806 1189 1870 in
1222 1805 1314 1870 nobis

166 1913 341 1978 seeundum
375 1918 606 1980 sacramentum
634 1913 881 1998 regenerationis
909 1914 975 1992 liat,
1004 1914 1090 1978 siout
1117 1912 1193 1976 alibi
1221 1910 1314 1976 dicit:

167 2018 379 2101 Quotquot
419 2019 458 2084 in
497 2019 663 2085 Christo
706 2019 909 2102 baptizati
948 2019 1065 2096 estis,
1105 2019 1314 2085 Christum

123 2149 147 2190 n
165 2126 385 2199 induistis3
410 2144 442 2190 re
467 2130 573 2193 autem
598 2127 668 2208 ipsa
690 2128 767 2190 tuno
792 2125 983 2210 perficietur,
1008 2127 1080 2190 euni
1105 2129 1137 2190 et
1160 2125 1190 2188 in
1211 2125 1314 2203 nobis,

167 2233 250 2316 quod
274 2235 324 2296 est
346 2233 482 2298 animale
506 2232 673 2310 nasoendo,
698 2231 840 2315 spiritale
860 2231 979 2296 laetum
999 2231 1094 2297 fuerit
1112 2231 1315 2315 resurgendo.

167 2339 212 2405 Ut
235 2338 317 2403 enim
343 2339 410 2403 eius
434 2337 544 2404 itidem
568 2339 675 2403 uerbis
695 2345 781 2404 utar:
807 2335 883 2421 Spe
907 2338 1015 2402 salui
1038 2337 1140 2403 faeti
1165 2356 1314 2404 sumus.

166 2444 333 2509 Induimus
357 2448 463 2510 autem
488 2443 659 2530 imaginem
683 2445 798 2511 terreni
820 2444 956 2511 hominis
979 2443 1205 2530 propagatione
1228 2461 1316 2526 prae.

166 2547 370 2616 uarioationis
400 2555 433 2616 et
459 2551 582 2629 mortis,
611 2570 705 2634 quam
734 2551 824 2615 nobis
848 2550 958 2615 intulit
980 2550 1155 2635 generatim
1185 2549 1242 2614 sed
1270 2549 1316 2612 in·

121 2683 148 2724 ao
167 2657 294 2722 duimus
322 2657 493 2741 imaginem
517 2657 663 2722 caelestis
687 2657 825 2722 hominis
850 2657 952 2744 gratia
974 2643 1190 2740 indulg‘entiae
1215 2655 1316 2720 uitae·

168 2783 229 2847 que
257 2768 437 2848 perpetuae,
466 2765 551 2848 quod
578 2764 668 2829 nobis
696 2768 837 2846 praestat
863 2765 1068 2848 regeneratio,
1092 2783 1153 2828 uon
1176 2763 1239 2827 uisi
1260 2779 1318 2844 per

166 2871 373 2936 mediatorem
411 2871 470 2936 Dei
513 2875 544 2936 et
585 2871 759 2950 hominum,
798 2871 956 2936 hominem
995 2871 1156 2936 Christum
1193 2869 1315 2944 Iesum3

168 2997 262 3061 quem
291 2979 460 3043 caelestem
485 2979 645 3044 hominem
669 2980 741 3043 uult
763 2979 916 3063 intellegi,
941 2977 1076 3062 quiade
1105 2977 1192 3042 eaelo
1217 2976 1315 3056 uenit,

168 3088 204 3149 ut
231 3087 372 3148 terrenae
400 3085 606 3151 mortalitatis
634 3104 763 3168 corpore
791 3086 973 3162 nestiretnr,
1004 3085 1085 3168 quod
1115 3083 1244 3149 caelesti
1271 3083 1316 3146 in·

122 3215 148 3254 ss
167 3191 361 3256 mortalitate
384 3193 528 3257 uestiret.
555 3192 716 3258 Caelestes
741 3211 815 3256 uero
834 3192 905 3257 ideo
925 3192 1064 3274 appellat
1083 3187 1223 3268 et'aIIos,
1243 3190 1317 3272 quia

167 3297 249 3361 fiunt
266 3316 322 3380 per
340 3299 474 3382 gratiam
494 3298 635 3363 membra
655 3300 734 3378 eius,
753 3301 790 3364 ut
810 3317 882 3364 eum
902 3298 967 3362 illis
988 3297 1031 3363 sit
1053 3315 1136 3362 unns
1159 3295 1318 3372 Christus,

167 3405 259 3468 uelut
286 3407 382 3485 eaput
406 3409 438 3470 et
461 3423 586 3489 eorpus.
624 3405 693 3469 Hoc
716 3404 881 3496 inteadem
907 3404 1045 3488 epistula
1067 3403 1247 3468 euidentius
1271 3403 1317 3467 ita

167 3511 271 3593 ponit:
300 3511 374 3576 Per
405 3513 604 3578 hominem
637 3531 753 3589 mors,
788 3517 827 3576 et
858 3532 927 3594 per
960 3511 1160 3576 hominem
1188 3529 1316 3575 resur·
1412 3563 1414 3568 .

257 3739 317 3794 71.
338 3739 398 3796 Cor.
420 3741 462 3806 15,
480 3741 515 3794 47
534 3755 593 3809 sqq.
664 3738 697 3793 14
716 3737 776 3794 ou.
796 3739 821 3803 3,
841 3737 875 3792 27
942 3737 974 3792 17
994 3739 1070 3791 Rom.
1090 3737 1116 3800 8,
1136 3737 1171 3790 24
1236 3735 1315 3790 221.

167 3828 236 3882 Tim.
256 3830 318 3892 2,5
373 3829 408 3883 28
429 3829 453 3884 1.
473 3829 534 3886 Cor.
555 3829 597 3896 15,
617 3828 649 3882 21
672 3845 711 3898 sq.

205 3988 217 4041 1
239 3987 294 4040 tale
318 3987 456 4057 Veipn‚·
474 3988 553 4056 quale
574 3986 644 4040 abo
714 3986 730 4039 8
751 3984 877 4039 caelestis
897 3985 1081 4054 aoelpao;
1099 4001 1150 4039 om.
1175 3983 1315 4038 VDomb.

170 4078 200 4129 11
222 4076 338 4130 etiame
424 4079 456 4130 12
477 4077 516 4131 ita
534 4093 585 4133 om.
606 4075 616 4128 1
703 4076 737 4128 14
755 4073 903 4144 quodquod
926 4072 983 4128 Vz¹
1070 4075 1103 4127 15
1122 4071 1288 4143 percipietur
1307 4073 1317 4126 1

171 4165 204 4220 16
223 4165 358 4220 nascendo
376 4183 436 4235 sup.
457 4167 505 4220 lin.
529 4165 555 4219 V
626 4165 658 4218 17
679 4165 736 4218 eins
754 4162 861 4234 itidem]
882 4163 1003 4217 eiusdem
1023 4163 1067 4216 ab
1141 4161 1173 4216 18
1192 4177 1315 4232 praeuar.

166 4255 311 4325 usquead
328 4255 469 4325 generatio
488 4271 539 4309 om.
559 4255 575 4309 b
667 4255 700 4308 19
727 4253 864 4306 iuduimus
888 4251 1077 4322 VabeIpv;
1099 4251 1262 4306 iuuemimus
1282 4251 1319 4317 ἡ·

167 4343 312 4398 induemus
332 4361 350 4394 α
367 4343 467 4398 Domo.
522 4342 627 4397 221ee.
647 4342 747 4397 Christ.
766 4358 782 4396 o
