3094 4932
398 441 449 494 De
478 441 650 495 ciuitate
680 441 740 495 dci
768 441 833 495 lib.
860 441 896 495 II.
925 457 999 512 cap.
1031 441 1053 496 l.
1260 445 1302 507 59

144 655 326 719 ueramque
349 636 502 719 pietatem
527 639 558 700 et
580 635 639 700 Dei
664 635 797 713 cultum,
816 635 847 699 in
871 655 933 718 quo
957 654 1020 699 uuo
1043 635 1199 700 ueraciter
1222 653 1303 700 sem·

145 745 276 827 piterna
304 743 469 809 beatitudo
501 743 706 826 promittitur.
748 743 810 808 Hic
843 743 951 826 itaque
984 743 1098 808 modus
1131 744 1174 808 sit
1205 742 1302 807 huius

145 852 339 929 uoluminis,
368 853 406 916 ut
433 851 581 932 deinceps
616 850 771 934 disposita
802 850 840 914 ab
874 851 935 915 alio
969 870 1134 915 sumamus
1167 849 1303 914 exordio.

619 1099 840 1163 LIBERII.

680 1243 756 1250 ——-
761 1244 785 1250 -.-

637 1329 774 1395 CAPUT
797 1331 821 1394 Ι.

283 1472 336 1537 De
360 1473 486 1549 modo,
511 1471 580 1554 qui
603 1472 851 1536 necessitati
876 1469 1178 1553 disputationis

554 1577 809 1641 adhibendus
834 1581 905 1642 est.

198 1723 232 1787 Si
266 1720 381 1786 rationi
412 1720 597 1804 perspicuae
630 1719 775 1784 ueritatIs
808 1719 952 1784 infirmus
984 1720 1139 1785 humanae
1173 1739 1304 1784 consue-

105 1859 130 1897 ιο
151 1827 275 1894 tudinis
308 1847 421 1892 sensns
454 1845 515 1891 non
548 1826 678 1890 auderet
709 1827 874 1905 obsistere,
904 1827 961 1891 sed
993 1826 1152 1891 doctrlnao
1185 1827 1304 1891 salubri

149 1938 341 2020 languorem
370 1955 464 1999 sunm
493 1936 655 2016 tamquam
683 1934 858 2000 medicinae
887 1933 1045 2010 subderet,
1071 1933 1171 1999 donec
1195 1933 1303 1998 diuino

151 2041 312 2108 adiutorio
337 2041 397 2106 lide
415 2041 545 2123 piatatis
564 2041 740 2124 inpetrante
760 2043 931 2118 sanaretur,
951 2061 1011 2107 non
1035 2041 1137 2106 multo
1162 2059 1304 2106 sermone

153 2168 235 2230 opus
252 2151 337 2214 esset
349 2149 388 2213 ad
403 2147 654 2212 conuinoendum
671 2147 844 2229 quemlibet
857 2167 955 2212 uanae
967 2147 1154 2230 opinationis
1169 2167 1303 2212 errorem

151 2257 214 2333 bis,
236 2256 291 2339 qni
314 2259 399 2320 recte
423 2255 564 2320 sentiunt
587 2258 618 2319 et
642 2273 735 2320 sensa
757 2254 863 2318 uerbis
884 2255 1117 2319 sufficientibus
1138 2255 1302 2336 explicant.

110 2361 246 2432 nNunc
279 2382 355 2428 uero
389 2362 536 2444 quoniam
568 2363 622 2426 illa
656 2366 706 2428 est
737 2363 838 2427 maior
866 2365 896 2426 et
925 2363 1054 2428 taetrior
1086 2362 1303 2443 iusipientium

152 2469 286 2535 morbus
310 2469 497 2546 animorum,
523 2488 584 2551 quo
608 2468 844 2534 inrationabiles
869 2473 975 2534 motus
1000 2487 1086 2546 suos,
1111 2469 1207 2533 etiarn
1230 2473 1305 2551 post

153 2576 308 2640 rationem
329 2575 422 2656 plena
436 2575 601 2651 redditam,
618 2579 735 2658 quanta
748 2573 867 2640 homini
882 2575 920 2638 ab
935 2576 1062 2640 homme
1077 2575 1218 2656 debetur,
1235 2574 1303 2638 siue

154 2683 253 2747 nimia
272 2681 434 2758 caecitate,
460 2702 522 2765 qua
545 2701 602 2747 neu
626 2687 734 2766 aperta
757 2685 935 2760 cernuntur,
961 2683 1028 2747 sine
1053 2681 1304 2747 obstinatissima

154 2789 344 2872 peruicacia,
370 2792 487 2872 quaet
516 2807 551 2853 ea
580 2808 658 2871 quae
687 2793 858 2854 canuntur
880 2807 941 2853 non
965 2789 1117 2870 feruntur,
1143 2793 1304 2871 tamquam

112 2927 137 2966 ao
155 2897 258 2979 ipsam
273 2895 428 2960 rationem
449 2896 679 2978 ueritatemqnc
700 2895 880 2972 defendunt,
897 2895 933 2960 lit
951 2894 1124 2960 necessitas
1144 2893 1304 2976 copiosius

156 3002 281 3068 dicendi
308 3002 495 3086 plerumque
522 3021 572 3067 res
601 3002 712 3080 claras,
737 3002 828 3066 uelut
855 3021 907 3066 eas
931 3021 991 3066 non
1016 3001 1235 3084 spectantibus
1258 3001 1303 3064 iu-

155 3109 300 3187 tuendas,
321 3108 376 3173 sed
401 3107 537 3191 quodam
560 3107 653 3172 modo
679 3109 852 3192 tangendas
876 3109 1078 3191 palpantibus
1103 3111 1134 3172 et
1159 3107 1304 3172 coniuen-

155 3216 242 3279 tibus
258 3214 437 3279 offeramus.
461 3215 502 3278 Et
516 3218 619 3279 tamen
636 3215 708 3296 quis
724 3215 919 3297 disceptandi
934 3215 1006 3278 finis
1026 3215 1086 3278 erit
1104 3219 1136 3278 et
1153 3213 1305 3296 loquendi

156 3321 280 3398 modus,
311 3321 339 3386 si
367 3321 618 3403 respondendum
647 3341 717 3386 esse
745 3322 1010 3403 respondentibus
1045 3341 1169 3404 semper
1200 3321 1304 3386 existi-

115 3461 139 3500 aa
156 3429 302 3492 memus?
343 3428 421 3491 Nam
452 3427 504 3510 qni
533 3430 586 3492 uel
613 3448 674 3492 non
703 3435 837 3511 possunt
859 3429 1045 3513 intellegere
1069 3429 1154 3512 quod
1178 3429 1302 3506 dicitur,

191 3636 207 3688 2
225 3634 291 3707 hlic,
311 3634 437 3688 radendo
456 3651 488 3689 ecc
507 3635 573 3690 baec
592 3653 670 3698 cora,
693 3637 717 3690 0
786 3637 919 3691 AVIIELI
938 3637 1135 3691 AVGVSTINI
1155 3637 1237 3694 EI’IC
1257 3639 1303 3691 DE

157 3723 327 3779 crvrnsns
356 3723 472 3791 (oraru.
499 3725 535 3790 n)
563 3713 611 3780 ni.
640 3713 737 3780 coni
765 3725 934 3781 prossus
962 3725 1142 3793 (crunnus
1172 3729 1208 3796 o)
1234 3729 1303 3781 sno

158 3799 324 3868 oranai-
343 3799 414 3868 inu.
434 3799 470 3870 Π.
490 3814 585 3868 nno
648 3817 659 3884 l
681 3815 829 3870 sunnon
848 3815 1046 3871 nususnnu
1064 3817 1114 3870 on
1135 3817 1303 3871 crvrrnnn

157 3901 219 3955 DEI
243 3901 411 3957 EXPLICIT
436 3903 543 3956 LIBER
568 3903 666 3956 PRIM'
693 3903 741 3957 DE
766 3904 915 3960 Excru10
943 3905 1056 3960 VRBIS.
1083 3905 1218 3961 INCIPIT
1246 3906 1300 3960 SE-

158 3991 300 4045 cvn'bvs
322 4008 340 4045 a
378 3992 409 4043 13
429 3993 593 4062 opinationis
612 3991 830 4062 L²bepqacv
849 3993 963 4060 Donrb,·
982 3995 1117 4064 opinionis
1133 3995 1306 4060 vncoaf

161 4081 191 4132 14
208 4089 322 4133 sensue
395 4081 427 4134 16
446 4081 730 4136 inrationauilesLA
806 4084 936 4152 raptaue
959 4083 1015 4139 C¹c
1086 4086 1117 4137 19
1137 4087 1165 4136 et
1184 4101 1216 4136 ca
1235 4101 1304 4152 quae

159 4167 416 4236 m.laup.lia.L
475 4175 778 4240 eamquetanrqnarne
832 4171 1173 4242 22quodadlmodoG¹
1229 4173 1303 4225 coni·

158 4255 281 4311 bentibus
301 4256 406 4325 LllC;
425 4258 613 4314 cohibentibus
634 4278 654 4322 e,
675 4277 708 4314 na.
730 4277 779 4315 ree.
799 4262 831 4314 ia
849 4277 933 4331 concap.
957 4263 980 4314 C
1064 4263 1098 4316 23
1118 4266 1146 4316 et
1164 4261 1302 4331 loquendi]

159 4344 300 4416 eloquendi
323 4345 346 4397 0
399 4348 433 4400 24
451 4349 624 4419 responlibus
647 4349 680 4404 0¹
