3164 4932
283 417 348 480 630
629 415 655 467 S.
684 412 840 466 Aurelii
867 410 1083 480 Augustini

280 608 462 690 responderi
486 607 609 672 adsolet
631 608 786 671 ‘mortuus
811 607 879 682 est’,
903 625 925 669 u
946 604 1055 668 littera
1078 604 1247 689 geminata.
1273 604 1326 671 Sic
1346 606 1431 671 enim

282 713 398 779 dieitur
429 718 585 790 mortuus,
619 732 681 795 quo
713 711 807 778 modo
839 711 958 790 fatuus,
991 711 1120 787 arduus,
1153 705 1326 799 [earduus],
1360 731 1432 778 oon-

282 823 412 903 spicuus
442 826 473 886 et
501 821 528 885 si
553 839 615 904 qua
639 820 766 898 similia,
791 837 870 901 qnae
894 836 955 883 uon
979 823 1054 882 sunt
1077 818 1238 901 praeteriti
1262 820 1432 902 temporis,

285 928 340 992 sed
373 927 521 1009 quoniam
554 927 681 993 nomina
713 929 799 1003 sunt,
828 927 895 990 sine
922 928 1065 1007 tempore
1094 923 1303 990 declinantur.
1345 925 1432 990 Illud

283 1039 400 1112 autem,
436 1034 527 1116 quasi
562 1037 599 1098 ut
631 1033 816 1110 declinetur,
849 1031 933 1114 quod
961 1030 1109 1096 declinari
1138 1050 1200 1096 non
1227 1035 1346 1114 potest,
1376 1051 1431 1114 pro
1461 1055 1473 1092 a

195 1125 197 1130 ¹
281 1139 446 1224 participio
484 1139 644 1222 praeteriti
680 1139 832 1220 temporis
865 1138 994 1220 ponitur
1025 1156 1150 1202 nomen.
1199 1137 1434 1204 Conuenienter

282 1248 390 1328 itaque
422 1247 543 1311 fautum
575 1249 635 1322 est,
669 1248 715 1322 ut,
749 1264 844 1327 quern
872 1244 911 1308 ad
939 1243 1069 1308 modum
1097 1244 1129 1308 id
1158 1245 1242 1327 quod
1271 1245 1433 1329 signifieat

282 1373 342 1418 non
376 1356 485 1437 potest
515 1353 648 1437 agendo,
681 1353 726 1416 ita
752 1353 860 1433 ipsum
887 1351 1021 1416 uerbum
1049 1369 1108 1416 non
1136 1355 1247 1434 posset
1272 1351 1431 1434 loquendo

282 1461 441 1526 declinari.
479 1459 541 1544 Agi
568 1462 674 1524 tamen
702 1460 811 1543 potest
836 1458 869 1522 in
898 1456 1054 1523 adiutorio
1082 1459 1201 1541 gratiae
1231 1457 1432 1522 Redemtoris

282 1568 393 1648 nostri,
425 1569 459 1631 ut
486 1566 600 1630 saltem
628 1564 798 1630 secundam
821 1567 957 1629 mortem
981 1563 1138 1628 declinare
1160 1565 1335 1646 possimus.
1375 1563 1433 1626 illa
1450 1589 1474 1628 m

283 1677 333 1738 est
360 1673 443 1738 onim
473 1673 598 1756 grauior
625 1681 657 1736 et
685 1671 826 1735 omnium
851 1671 1007 1735 malorum
1029 1671 1180 1752 passima,
1205 1689 1286 1753 quae
1309 1689 1373 1734 non
1396 1669 1431 1732 fit

283 1779 480 1862 separatione
504 1778 626 1842 animae
645 1780 677 1841 et
696 1776 846 1860 eorporis,
867 1776 973 1840 sedin
994 1779 1151 1840 aeteruum
1170 1795 1303 1859 poenam
1323 1775 1430 1860 potius

284 1888 450 1967 utriusque
479 1885 640 1966 conplexu.
678 1885 727 1949 Ibi
751 1903 767 1947 e
792 1884 947 1949 contrario
976 1902 1037 1948 nou
1065 1887 1158 1947 eruut
1185 1883 1330 1948 hominos
1360 1887 1429 1946 aute

283 1997 415 2056 mortem
449 1991 551 2074 adque
582 1994 657 2073 post
688 1993 834 2069 mortem,
868 1991 924 2055 sed
952 2007 1077 2071 semper
1103 1990 1135 2053 in
1163 1995 1278 2068 morte3
1313 2008 1351 2053 aa
1377 2007 1430 2072 per

284 2100 343 2163 hou
362 2117 534 2181 numquam
554 2097 711 2175 uiuentes,
731 2116 905 2179 numquam
925 2096 1052 2173 mortui,
1069 2095 1125 2161 sod
1141 2095 1209 2162 sina
1221 2095 1283 2160 fine
1298 2095 1429 2160 morien·
1446 2119 1468 2158 a

283 2209 342 2270 tes.
381 2203 563 2286 Numquam
592 2204 676 2268 euim
706 2203 765 2267 erit
792 2203 912 2268 homini
939 2204 1030 2284 peius
1058 2203 1090 2267 in
1119 2206 1230 2283 morte,
1255 2221 1350 2286 quam
1377 2202 1429 2266 ubi

283 2313 344 2376 erit
365 2330 450 2376 mors
473 2313 543 2395 ipsa
567 2311 633 2375 sine
657 2313 768 2374 morte.

738 2501 874 2568 CAPUT
897 2502 968 2568 XII.

286 2645 406 2725 Quam
439 2649 603 2710 mortem
631 2643 773 2726 primis
801 2643 1035 2708 homiuibus
1064 2643 1182 2717 Deus,
1213 2643 1247 2708 si
1277 2642 1428 2707 manda·

283 2756 364 2815 tum
409 2751 496 2817 eius
539 2750 939 2836 transgrederentur,
981 2750 1111 2814 fuerit
1148 2749 1470 2814 comminatusro

330 2891 409 2956 Cum
434 2910 507 2975 ergo
531 2891 711 2974 requiritur,
736 2911 829 2974 quum
853 2895 988 2956 mortem
1011 2891 1098 2956 Deus
1118 2891 1228 2976 primis
1248 2889 1428 2954 hominibus

283 2997 379 3062 fuerit
402 2997 624 3074 comminatus,
646 2997 673 3060 si
692 2997 730 3061 ab
752 3014 787 3061 eo
808 2997 991 3061 mandatum
1011 2997 1304 3082 transgrederentur
1323 3016 1429 3078 aucep-

285 3109 352 3168 tum
378 3123 434 3168 neo
458 3103 691 3170 oboedientiam
720 3103 926 3181 custodirent,
951 3108 1057 3168 utrum
1083 3104 1205 3169 animae
1228 3123 1267 3168 an
1292 3103 1429 3186 eorporis

285 3229 323 3273 au
352 3209 451 3274 totius
481 3209 618 3274 hominis
643 3229 681 3273 au
705 3209 794 3273 illam
818 3228 898 3292 quae
922 3211 1100 3292 appellatur
1123 3209 1276 3275 secunda:
1305 3230 1429 3293 respon·

285 3315 420 3379 dandum
446 3318 508 3379 est:
534 3311 660 3380 Omnes.
684 3315 788 3379 Prima
815 3314 898 3378 enim
918 3318 1096 3380 constater
1116 3315 1248 3395 duabus,
1268 3311 1428 3402 [secunda]
1446 3338 1470 3377 aa

285 3441 321 3484 er
349 3421 496 3484 omuibus
525 3425 602 3488 tota.
641 3421 731 3486 Sicut
760 3420 841 3485 enim
865 3421 1015 3485 uniuersa
1038 3426 1121 3486 terra
1145 3441 1178 3485 er
1203 3422 1316 3486 multis
1340 3423 1428 3486 terris

284 3532 316 3592 et
343 3527 491 3591 uniuersa
520 3527 654 3592 ecclesia
678 3547 714 3591 er
736 3527 848 3592 multis
873 3529 998 3592 constat
1022 3528 1180 3593 eoelestis:
1212 3528 1259 3593 sio
1282 3529 1430 3592 uniuersa

283 3653 368 3698 mors
401 3654 437 3698 ex
470 3634 627 3699 omnibus.
671 3633 827 3712 Quoniam
859 3635 959 3717 prima
987 3638 1112 3699 constat
1140 3653 1176 3699 er
1205 3633 1341 3713 duabus,
1369 3653 1429 3699 una

284 3740 415 3816 animae,
455 3741 553 3804 altera
586 3741 738 3822 eorporis;
772 3744 809 3805 ut
837 3741 879 3804 sit
906 3742 1008 3822 prima
1035 3741 1135 3805 totius
1166 3740 1305 3806 hominis
1334 3759 1427 3816 mors,

324 3935 335 3984 1
361 3931 486 3986 adsolent
505 3933 515 3986 l
601 3933 617 3984 2
645 3931 780 4000 [earduus]
806 3931 873 3986 Vel
876 3947 899 3999 p
918 3931 1021 3986 inclusi
1038 3935 1133 4000 utpote
1151 3932 1187 3986 ab
1205 3931 1291 3986 aetolo
1311 3931 1424 3986 librario

285 4021 425 4086 redditum
443 4037 494 4078 om.
515 4021 584 4074 aba
604 4021 702 4076 Domo,
770 4021 787 4073 4
806 4020 987 4074 declinaretur
1007 4019 1017 4073 l
1086 4022 1102 4074 6
1121 4021 1239 4090 ponitur.
1259 4019 1322 4073 Nou
1340 4022 1426 4074 incon-

284 4109 459 4162 ueuienterb
533 4111 548 4164 7
573 4108 807 4178 quemammodum
833 4110 878 4164 Ve
959 4109 975 4163 8
998 4113 1091 4178 posset
1117 4109 1255 4178 Vbepuq
1273 4110 1361 4180 possit
1379 4108 1428 4172 ol;

285 4197 382 4301 declim
401 4197 455 4266 loq.
475 4215 527 4252 non
548 4200 668 4268 possita
739 4199 770 4252 10
790 4198 915 4252 saltimb
987 4199 1017 4252 ll
1038 4197 1109 4252 enirn
1130 4199 1205 4252 erto
1287 4203 1330 4252 est
1348 4213 1428 4252 ome

284 4314 319 4366 ‘23
340 4313 481 4376 uerumV
534 4316 568 4368 25
589 4331 619 4367 ex
639 4313 743 4367 duabus
762 4318 902 4368 constato
975 4313 1163 4368 secundeum.
1188 4312 1283 4367 Vela
