3072 4928
358 413 409 468 De
438 413 613 468 ciuitate
641 412 702 467 dei
730 413 796 468 lib.
819 413 869 467 llI.
894 431 969 483 cap.
994 415 1037 469 29.
1057 414 1100 468 30.
1239 417 1300 480 157

143 611 339 692 potuerunt:
374 609 430 672 sed
462 607 494 673 in
526 607 582 673 illo
616 609 696 674 colle
730 610 914 674 constitutis
948 629 1022 674 1111
1056 611 1156 676 uitam
1188 611 1301 675 saltem

144 715 373 789 uendiderunt,
406 734 501 798 quarn
539 715 600 780 etsi
636 715 717 780 ferro
753 736 862 800 rapere
899 735 959 781 nou
996 721 1138 800 possent,
1171 723 1303 801 possent

144 825 255 886 tamen
272 821 437 887 obsidione
453 841 651 888 consumere:
673 823 771 888 Gothi
791 843 866 888 uero
885 827 951 890 tam
971 825 1082 889 miultis
1102 827 1301 891 senatoribus

145 935 367 1012 pepercerunt,
396 932 433 993 ut
460 929 562 1014 magis
594 930 710 995 mirum
744 932 787 996 sit
820 931 904 1012 quod
937 930 1059 1012 aliquos
1092 935 1301 1014 peremerunt.

113 1037 195 1100 eAt
220 1053 296 1101 uero
327 1035 413 1119 Sylla
440 1035 515 1101 uiuo
544 1036 646 1101 adhuc
675 1037 775 1102 Mario
804 1037 910 1122 ipsum
940 1037 1141 1122 Capitolium,
1172 1037 1256 1120 quod
1284 1057 1303 1102 1

148 1141 253 1206 Gallis
273 1145 381 1207 tutum
400 1143 472 1220 fuit,
492 1142 530 1207 ad
553 1142 761 1208 decernendas
782 1143 894 1210 caedes
914 1145 1019 1209 uictor
1036 1145 1163 1223 insedit,
1181 1148 1301 1210 etcum

148 1249 228 1334 luga
259 1245 381 1314 Marius
414 1251 542 1332 elapsus
580 1253 667 1314 esset
703 1251 837 1316 ferocior
873 1251 1094 1332 cruentiorque
1129 1251 1301 1328 rediturus,
1332 1305 1335 1312 .

148 1355 213 1419 1111
240 1355 273 1419 11
303 1354 459 1438 Capitolio
487 1376 544 1440 per
575 1360 705 1421 senatus
739 1357 835 1421 etiarn
869 1357 1050 1421 consultum
1082 1357 1202 1422 multos
1235 1358 1304 1422 uita

148 1461 310 1543 rebusque
347 1461 503 1544 priuauit:
540 1461 691 1526 Marianis
730 1471 835 1526 autem
875 1463 1019 1545 partibus
1053 1462 1140 1546 Sylla
1173 1463 1302 1528 absente

104 1595 132 1634 11
151 1568 228 1650 quid
258 1571 404 1632 sanctum
432 1567 484 1631 cui
510 1571 674 1650 parcerent
701 1568 773 1642 luit,
798 1567 922 1651 quando
946 1569 1053 1634 Mucio
1078 1569 1141 1633 ciui
1166 1567 1303 1634 senatori

150 1674 295 1758 pontifici
319 1693 405 1738 aram
428 1675 542 1756 ipsam,
562 1675 617 1740 ubi
642 1679 729 1739 erant
752 1677 789 1738 ut
812 1675 900 1738 aiunt
923 1676 987 1739 fata
1006 1675 1157 1748 Romana,
1177 1676 1302 1742 miseris

151 1781 304 1845 ambienti
334 1780 530 1863 amplexibus
560 1800 620 1844 non
648 1783 877 1864 pepercerunt?
915 1781 1043 1864 Syllana
1069 1801 1161 1865 porro
1193 1783 1304 1847 tabula

150 1887 207 1952 illa
229 1891 401 1970 postrema,
422 1891 459 1951 ut
478 1888 663 1952 omittamus
685 1887 762 1952 alias
782 1887 1027 1952 innumerabiles
1048 1891 1176 1966 mortes,
1195 1890 1303 1972 plures

150 1993 313 2078 iugulauit
337 1997 510 2072 senatores,
535 2012 629 2075 quam
654 1992 752 2058 Cothi
775 1995 828 2058 uel
853 1995 991 2076 spoliare
1013 1997 1194 2076 potuerunt.

110 2230 131 2268 ‚⁵
598 2186 734 2253 onnon
757 2187 856 2250 111111.

151 2313 207 2377 De
247 2312 469 2377 conexione
506 2311 719 2390 bellorum,
754 2330 854 2394 quae
892 2311 1109 2376 aduentum
1144 2309 1302 2377 Christi

292 2417 469 2500 plurimo
493 2421 530 2482 et
555 2418 804 2502 grauissima
828 2420 1157 2500 praecesserunt.

197 2539 268 2620 Qua
282 2541 381 2625 igitur
394 2541 496 2606 fronte
511 2561 573 2625 quo
590 2541 766 2626 11111111
779 2541 965 2625 inpudentia
979 2561 1040 2624 qua
1053 2541 1235 2626 insipientia
1249 2543 1301 2606 uel

151 2649 260 2730 potius
289 2647 427 2712 amentia
455 2648 511 2711 illa
533 2649 582 2712 dis
607 2649 674 2713 suis
697 2669 758 2713 non
781 2649 938 2732 inputant,
968 2653 1000 2712 et
1027 2648 1103 2713 haec
1128 2652 1234 2714 nostro
1259 2649 1302 2712 in-

112 2781 136 2820 1
153 2757 267 2838 putant
283 2753 431 2820 Christo?
452 2753 600 2820 Crudelia
613 2756 697 2820 bella
712 2755 830 2833 ciuilia,
846 2756 993 2819 omnihus
1010 2755 1103 2819 bellis
1119 2755 1301 2834 hostilibus,

154 2861 337 2926 auctoribus
367 2860 462 2926 etiarn
491 2881 597 2926 eorum
628 2862 811 2940 fatentibus,
843 2863 1005 2939 amariora,
1031 2861 1145 2943 quibus
1173 2861 1230 2925 illa
1251 2880 1303 2926 res

154 2968 282 3049 publica
295 2987 352 3032 nec
369 2967 504 3045 adflicta,
521 2969 575 3034 sed
596 2969 722 3033 omnino
741 2967 865 3051 perdita
882 2967 1021 3033 iudicata
1040 2971 1099 3043 est,
1118 2967 1211 3051 longe
1231 2972 1303 3032 ante

156 3075 325 3139 aduentum
351 3073 468 3140 Christi
497 3079 603 3140 exorta
631 3079 771 3152 suntet
799 3075 1021 3138 sceleratarum
1048 3073 1303 3138 concatenatione

156 3200 323 3245 causarum
347 3200 365 3244 a
388 3181 472 3246 bello
495 3181 636 3246 Mariano
663 3181 764 3264 adque
790 3179 916 3266 Syllano
942 3181 980 3245 ad
1010 3180 1092 3245 bella
1118 3179 1248 3245 Sertorii
1271 3183 1304 3243 et

115 3313 139 3353 1
157 3285 310 3352 Catilinae
330 3287 477 3372 (quorum
499 3308 517 3352 a
536 3289 623 3372 Sylla
642 3288 745 3353 fuerat
763 3288 817 3352 ille
836 3288 1044 3371 proscriptus,
1063 3288 1118 3352 ille
1138 3287 1302 3366 nutritus),

156 3393 226 3458 inde
254 3395 294 3458 ad
318 3393 429 3476 Lepidi
454 3399 485 3460 et
508 3395 613 3462 Catuli
641 3395 762 3459 bellum
787 3395 932 3477 (quorum
958 3394 1037 3458 alter
1060 3397 1152 3478 gesta
1175 3393 1305 3476 Syllana

157 3500 341 3578 rescindere,
380 3503 460 3565 alter
497 3500 661 3566 defendere
704 3499 876 3586 cupiebat),
914 3500 986 3564 inde
1029 3500 1067 3565 ad
1104 3499 1234 3581 Pompei
1271 3505 1304 3561 11

157 3605 298 3672 Caesaris
332 3609 482 3693 (quorum
514 3609 685 3690 Pompeius
724 3610 862 3672 sectator
895 3606 1000 3690 Syllae
1036 3606 1138 3671 fuerat
1171 3607 1303 3688 eiusque

191 3789 318 3843 liabens
338 3792 370 3852 Δ,
390 3789 482 3860 lapsus
504 3789 605 3844 Caute
678 3795 751 3844 esset
770 3791 906 3860 elapsuso
978 3787 1147 3856 1111111111,
1167 3788 1198 3840 a'u
1216 3803 1302 3854 marp.

158 3878 333 3941 1111111111
423 3879 439 3932 8
467 3879 568 3933 multos
588 3881 608 3934 1
625 3877 885 3946 0111111115·
912 3881 969 3930 tarn
993 3878 1092 3931 multos
1113 3894 1131 3929 o
1153 3872 1303 3944 oeqc²fa

158 3967 173 4018 9
199 3967 362 4037 priuabitll
454 3969 487 4022 10
514 3967 567 4022 cibi
587 3966 718 4038 1,·11111,
740 3967 762 4020 ’1
777 3983 855 4030 eras,
878 3966 901 4020 C
991 3967 1021 4018 ll
1048 3963 1126 4034 11111,
1147 3981 1160 4017 1
1180 3963 1301 4025 1111.,11

159 4055 190 4108 12
209 4073 296 4124 porro.
316 4057 349 4108 iu
366 4071 451 4126 mcrp.
472 4073 578 4114 11111
651 4057 683 4110 13
704 4055 751 4108 illa
770 4061 848 4108 extra
869 4053 916 4106 lia.
936 4070 969 4107 m.
991 4053 1052 4106 2A
1133 4051 1210 4120 alias]
1231 4050 1301 4112 illus,

157 4143 187 4195 ia
205 4161 289 4214 morp.
310 4144 387 4205 alias,
407 4161 421 4198 e
513 4145 699 4215 neapolione
719 4143 822 4212 epuli
897 4142 928 4196 18
949 4159 1001 4211 qua
1019 4141 1177 4210 insipientia
1196 4156 1247 4195 one.
1270 4139 1301 4192 C¹

158 4233 190 4288 20
207 4233 331 4288 hostibus
354 4233 387 4288 0¹
442 4236 476 4288 22
496 4235 604 4288 omuino
624 4234 731 4304 perdita
751 4233 843 4298 codd.;
862 4249 887 4301 p.
908 4249 930 4284 c.
950 4247 966 4285 o
1029 4230 1064 4282 28
1084 4231 1194 4300 eiusque
1205 4270 1302 4284 ......

159 4327 332 4393 superauerat
350 4339 401 4378 om.
421 4341 435 4376 1
