3094 4932
362 455 412 511 Ile
440 457 613 511 ciuitate
641 456 701 510 dei
729 457 793 514 lib.
822 455 842 510 Ι.
872 472 947 526 cap.
971 457 1013 510 24.
1037 457 1080 510 25.
1253 460 1295 522 45

139 655 290 734 peccato.
336 653 483 728 Proinde,
514 652 673 735 inquiunt,
706 669 768 716 non
800 651 864 716 iam
896 655 1024 735 propter
1061 651 1207 728 alienum,
1241 652 1296 717 sed

139 762 276 840 propter
295 779 390 824 suum
412 763 590 844 peecatum,
614 763 781 842 antequam
805 758 866 823 hoc
890 758 1023 842 quisque
1048 757 1236 836 committat,
1262 777 1296 824 se

141 864 245 930 debet
276 864 429 932 occidere.
466 864 562 931 Nullo
595 864 689 930 modo
723 865 851 947 quidem
885 865 945 929 hoc
972 865 1066 928 faciet
1095 863 1230 946 animus,
1259 867 1298 928 ut

141 973 328 1036 consentiat
353 971 478 1036 libidini
507 972 608 1036 caruis
637 990 714 1036 suaa
742 972 844 1036 aliena
870 971 1002 1036 libidine
1032 972 1216 1048 concitatae,
1242 972 1296 1054 qui

104 1077 215 1143 aDeo
240 1079 348 1160 potius
373 1079 503 1161 eiusque
532 1078 704 1160 sapientiae
728 1097 822 1160 quam
848 1078 969 1161 corpori
993 1078 1125 1161 eiusque
1150 1079 1297 1162 concupi·

141 1186 288 1250 scantiae
312 1185 476 1251 subiectus
500 1187 559 1252 est.
583 1185 828 1250 Verumtamen
853 1185 881 1250 si
909 1185 1096 1250 detestabile
1119 1185 1240 1250 facinus
1265 1188 1297 1248 et

142 1291 328 1356 damnabile
353 1294 459 1357 scelus
484 1294 533 1356 est
557 1291 651 1356 etiam
676 1309 710 1355 se
733 1291 840 1372 ipsum
859 1291 1020 1356 hominem
1040 1291 1191 1366 occidere,
1212 1291 1297 1359 sicut

141 1398 268 1463 ueritas
283 1398 451 1463 manifesta
465 1398 649 1480 proclamat,
660 1397 730 1478 quis
746 1397 790 1462 ita
805 1397 942 1481 desipiat
955 1401 992 1461 ut
1006 1397 1103 1462 dicat:
1121 1397 1197 1461 ‘lem
1213 1415 1296 1460 nnnc

140 1509 366 1588 perpetremus
384 1504 602 1580 homicidium,
623 1523 660 1567 ne
679 1507 791 1585 postea
813 1504 894 1568 forte
918 1503 1096 1568 incidamus
1119 1503 1150 1567 in
1175 1503 1296 1568 adulte-

95 1633 120 1670 ιο
140 1613 263 1677 rium'?
279 1611 389 1677 Nonne
410 1613 438 1676 si
456 1615 580 1676 tantum
600 1610 779 1676 dominatur
797 1609 959 1693 iniquitas,
977 1615 1087 1674 utnon
1107 1609 1294 1687 innocentia,

142 1719 206 1784 sed
238 1722 367 1802 peccata
394 1718 501 1802 potius
534 1718 700 1803 eligantur,
725 1717 826 1781 satius
859 1721 908 1780 est
938 1717 1094 1781 incertum
1123 1717 1160 1780 de
1189 1717 1295 1782 futuro

142 1827 342 1892 adulterium
359 1844 453 1908 quam
468 1828 587 1889 certum
605 1824 644 1889 de
657 1824 815 1907 praesenti
825 1822 1054 1888 homicidium?
1069 1823 1180 1888 Nonne
1195 1823 1295 1888 satius

143 1937 200 2000 est
221 1933 377 2020 flagitium
402 1931 610 2006 committere,
635 1931 719 2014 quod
742 1931 929 2012 paenitendo
954 1933 1091 2008 sanetur,
1116 1949 1209 2013 quam
1232 1931 1296 1994 tale

141 2041 283 2116 facinus,
306 2040 362 2104 ubi
383 2041 475 2104 locus
499 2038 635 2104 salubris
659 2037 869 2121 paenitentiae
893 2055 952 2102 non
976 2037 1184 2119 relinquitur?
1207 2036 1296 2100 Haec

96 2163 122 2202 1⁵
145 2149 212 2212 diri
240 2150 369 2230 propter
396 2165 449 2210 eos
473 2146 527 2209 uel
550 2165 613 2222 eas,
638 2163 717 2228 quae
740 2163 801 2208 non
826 2144 929 2220 alieni,
955 2143 1010 2207 sed
1033 2143 1151 2226 proprii
1173 2142 1296 2225 peccati

144 2253 314 2318 deuitandi
342 2267 446 2320 causa.
471 2272 509 2316 ne
533 2251 592 2316 sub
617 2251 746 2316 alterius
768 2250 898 2314 libidine
923 2251 1019 2314 etiam
1043 2249 1196 2314 excitatae
1220 2267 1296 2312 suae

143 2361 230 2426 forte
255 2358 461 2436 consentiant,
486 2358 552 2423 uim
577 2358 648 2434 sibi,
669 2377 731 2440 qua
753 2357 936 2430 moriantur,
956 2355 1147 2420 inferendam
1172 2355 1295 2437 putant.

145 2467 298 2534 Ceterum
332 2465 416 2529 absit
448 2483 465 2527 a
497 2467 601 2528 mente
633 2463 821 2536 Christiana,
855 2481 934 2544 quae
957 2461 1023 2526 Deo
1063 2481 1120 2526 suo
1158 2459 1230 2524 fidit
1264 2461 1296 2524 in

145 2593 250 2655 coque
288 2590 343 2654 spe
380 2570 485 2653 posita
517 2570 585 2634 eius
618 2568 774 2632 adiutorio
807 2567 929 2646 nititur,
963 2566 1055 2640 absit,
1089 2565 1226 2648 inquam,
1260 2568 1297 2630 ut

98 2699 124 2738 ao
145 2697 241 2744 mens
267 2679 343 2743 talis
372 2675 568 2759 quibuslibet
591 2675 692 2739 carnis
715 2674 935 2757 uoluptatibus
960 2673 998 2737 ad
1023 2691 1209 2737 consensum
1233 2676 1298 2736 tur-

145 2785 305 2870 pitudinis
334 2784 434 2848 cedat.
478 2781 570 2862 Quod
599 2782 627 2846 si
654 2781 710 2846 illa
734 2779 1031 2862 concupiscentialis
1055 2777 1297 2852 inoboedientia,

147 2912 233 2976 quae
261 2892 364 2956 adbuc
391 2892 422 2954 in
450 2889 601 2954 membris
629 2887 826 2953 moribundis
853 2887 986 2958 habitat,
1015 2889 1140 2968 praeter
1172 2890 1298 2948 nostrae

145 2999 326 3064 uoluntatis
345 2998 449 3082 legem
469 2995 558 3078 quasi
578 2997 648 3078 lege
669 3014 726 3059 sua
744 2997 902 3068 mouetur,
919 2996 1036 3076 quanto
1056 2993 1157 3076 magis
1178 2990 1298 3072 absque

147 3106 246 3188 culpa
269 3109 317 3169 est
339 3105 372 3168 in
397 3121 525 3185 corpore
547 3122 607 3168 non
633 3101 866 3178 consentientis,
887 3100 914 3164 si
938 3100 1058 3182 absque
1082 3098 1175 3181 culpa
1199 3099 1248 3161 est
1267 3095 1298 3158 in

102 3233 127 3273 aa
148 3230 279 3295 corpore
303 3211 501 3275 dormientis!

187 3544 203 3596 2
223 3541 275 3595 boc
293 3559 327 3594 m.
347 3545 362 3594 1
379 3555 439 3608 cup.
460 3539 508 3593 liro.
528 3539 554 3592 L
627 3537 931 3608 quisquep'p‘lconmittat,
951 3536 1038 3589 arceis
1057 3534 1167 3588 duabue
1184 3533 1230 3588 recl
1249 3535 1297 3586 tri·

148 3628 374 3694 bualittm's,L
428 3627 613 3683 erluidtn
686 3623 1026 3692 concitaraetnmaq·
1045 3623 1197 3676 concitante
1215 3620 1300 3675 C²be

143 3745 273 3817 pulr²f
352 3748 368 3800 5
388 3744 490 3814 corpori
510 3743 621 3812 eiusque
641 3741 875 3811 concupiscentiae
895 3697 1064 3808 (coii'e'nriae
1082 3755 1117 3792 m.
1136 3741 1152 3790 1
1172 3754 1241 3792 corr.
1261 3737 1297 3802 L)

148 3839 210 3892 La
220 3853 261 3904 ep
272 3853 304 3900 u,·
318 3833 423 3902 corpori
437 3831 723 3900 concupiscentiaeque
736 3847 754 3882 o
764 3829 779 3882 b
790 3846 807 3896 q
817 3829 833 3881 lt
843 3831 879 3894 ᾖ·
894 3828 1012 3898 corporis
1028 3825 1261 3895 concupiscentiae
1270 3841 1300 3905 o,-

149 3925 257 3995 corpori
275 3921 466 3991 uoluptatique
487 3919 625 3974 GDomb.
707 3917 906 3972 6detestauile
925 3916 951 3969 L
1033 3912 1221 3969 ldamnauilc
1240 3912 1299 3967 ΕΛ

150 4011 391 4075 8maniiestatt'
454 4009 560 4063 9forte
578 4011 708 4078 postero
773 4007 804 4061 11
826 4009 881 4074 pot.
902 4021 1008 4074 pecco
1069 4006 1102 4057 16
1122 4001 1242 4056 cultandi
1261 4001 1300 4054 L²

151 4102 232 4156 18111
253 4099 366 4153 deoae
410 4091 1170 4167 20quibuslibetLACpa,·cuiuslibetobeqlcfo
1215 4092 1250 4144 22
1265 4089 1300 4144 ad

148 4191 202 4245 hoc
224 4189 257 4243 0ί
348 4187 383 4241 23
403 4187 487 4256 quasi,
508 4203 524 4238 a
542 4204 575 4239 m.
597 4190 623 4243 2.
642 4188 673 4240 in
689 4201 755 4252 roa,
778 4185 813 4251 0,·
832 4184 909 4253 quasi
922 4182 925 4254 l
938 4184 969 4246 si,
989 4182 1011 4234 si
1030 4181 1061 4234 in
1079 4181 1162 4234 initio
1176 4179 1301 4248 proximi

149 4293 247 4333 uersus
265 4277 418 4345 repetitum,
433 4275 459 4328 L
532 4274 641 4344 absque,
661 4275 708 4326 abs
728 4289 778 4327 om.
793 4271 829 4326 Α*
883 4272 918 4324 24
937 4271 965 4324 in
985 4285 1095 4339 corpore
1115 4309 1121 4322 .
1141 4309 1147 4320 .
1168 4307 1175 4322 .
1195 4307 1201 4321 .
1221 4267 1301 4335 culpa

151 4373 194 4422 cst
212 4385 264 4424 om.
285 4365 349 4419 b¹e¹
