3072 4928
278 433 340 496 120
623 430 649 484 S.
679 429 834 484 Aurelii
863 429 1080 500 Augustini

277 623 340 688 Sed
367 624 461 706 plane
489 642 545 705 pro
569 623 667 688 tantis
691 622 785 688 bellis
810 622 968 705 susceptis
993 625 1025 686 et
1049 621 1149 706 gestis
1173 621 1259 686 iusta
1283 620 1421 686 defensio

276 730 491 794 Romanorum
528 732 586 808 ost,
625 729 709 813 quod
745 728 945 794 inruentibus
982 729 1043 793 sibi
1079 728 1246 810 inportune
1288 727 1423 792 inimicis

277 836 425 901 resistere
453 837 589 920 cogebat
614 856 675 901 non
704 835 841 900 auiditas
870 835 1090 918 adipiscendae
1121 834 1226 900 laudis
1259 834 1423 914 humanae,

278 942 333 1008 sed
357 943 530 1007 necessitas
554 941 690 1007 tuendae
710 943 824 1007 salutis
844 945 877 1006 et
894 942 1062 1011 libertatis.
1087 940 1137 1006 Ita
1156 940 1199 1006 sit
1216 942 1320 1024 plano.
1344 939 1425 1004 Nam

278 1051 458 1130 ‘postquam
490 1067 541 1112 res
576 1068 694 1127 eorum,
728 1049 812 1114 siout
844 1049 956 1114 scribit
987 1049 1055 1132 ipse
1088 1047 1272 1124 Sallustius,
1301 1046 1426 1131 legibus
1452 1069 1461 1108 s

279 1155 420 1220 moribus
445 1157 528 1240 agris
552 1160 647 1221 aucta
670 1157 749 1222 satis
772 1176 922 1241 prospera
945 1157 1087 1239 satisque
1106 1156 1229 1240 pollens
1248 1153 1428 1225 uidebatur,
1512 1212 1513 1215 ,

280 1263 366 1326 siout
391 1264 542 1345 pleraque
571 1264 756 1328 mortalium
783 1263 949 1340 habentur,
973 1261 1094 1326 inuidia
1117 1279 1153 1324 ex
1176 1258 1339 1342 opulentia
1364 1263 1430 1323 orta
1512 1242 1513 1247 ἵ

281 1373 339 1434 est.
367 1369 471 1454 Igitur
492 1389 583 1454 reges
613 1368 786 1454 populique
818 1367 945 1432 finitimi
972 1368 1055 1433 bello
1092 1370 1227 1442 tentare;
1264 1365 1362 1450 pauci
1397 1383 1430 1430 ex

281 1475 392 1540 amieis
429 1477 545 1542 auxilio
585 1495 665 1555 esse,
699 1495 770 1540 nam
809 1476 906 1540 oeten'
937 1479 1025 1540 metu
1058 1473 1197 1558 perculsi
1229 1493 1248 1537 a
1279 1471 1430 1556 perieulis

282 1582 421 1648 aberant.
449 1583 493 1647 At
514 1583 648 1647 Romani
672 1582 757 1647 domi
780 1581 980 1664 militiaeque
1003 1580 1116 1646 intenti
1139 1579 1288 1644 festinare
1312 1597 1430 1661 parare,
1447 1601 1466 1642 n

285 1687 366 1753 alius
396 1690 494 1753 alium
522 1690 652 1767 hortari,
676 1689 823 1754 hostibus
853 1688 980 1754 obuiam
1008 1687 1065 1763 ire,
1089 1685 1269 1750 libertatem
1297 1684 1431 1768 patriam

281 1799 491 1878 parentesque
507 1796 603 1861 armis
618 1798 735 1882 tegere.
759 1795 839 1861 Post
851 1795 908 1859 ubi
921 1794 1062 1877 pericula
1078 1793 1199 1858 uirtute
1218 1791 1431 1876 propulerant,

283 1902 380 1967 sociis
410 1902 513 1986 adque
543 1903 654 1968 amicis
683 1903 799 1967 auxilia
821 1901 989 1985 portabant
1012 1901 1180 1985 magisque
1202 1897 1314 1964 dandis
1339 1916 1431 1979 quam
1512 1904 1513 1907 ’

283 2007 474 2092 accipiendis
498 2009 660 2074 beneficiis
686 2009 843 2074 amicitias
868 2007 1038 2093 parabant'.
1063 2008 1220 2072 Decenter
1241 2005 1292 2070 his
1312 2004 1432 2068 artibus

282 2113 385 2178 Roma
412 2115 522 2180 creuit.
561 2115 624 2182 Sed
651 2119 801 2200 regnante
828 2113 944 2191 Numa,
968 2117 1005 2178 ut
1032 2117 1098 2178 tam
1126 2113 1222 2197 longa
1248 2131 1309 2195 pax
1338 2111 1431 2186 esset,
1447 2131 1465 2173 n

282 2224 391 2284 utrum
418 2221 585 2286 inruebant
607 2222 731 2305 inprobi
763 2221 910 2304 belloque
942 2221 1117 2298 tentabant,
1142 2239 1180 2283 an
1212 2217 1293 2296 nihil
1325 2235 1431 2281 eorum

283 2327 389 2406 fiebat,
418 2333 456 2394 ut
482 2332 592 2411 posset
618 2349 678 2413 pax
706 2329 761 2393 illa
793 2328 983 2411 persistere?
1026 2327 1059 2392 Si
1094 2326 1178 2390 enim
1210 2323 1304 2389 bellis
1339 2322 1433 2386 etiam

283 2437 353 2499 tum
386 2435 486 2500 Roma
516 2435 733 2500 lacessebatur
765 2453 822 2500 nec
862 2435 957 2499 armis
990 2453 1076 2498 arma
1110 2433 1205 2498 obuia
1236 2429 1433 2496 ferebantur:

285 2541 402 2623 quibus
425 2541 529 2606 modis
552 2543 716 2626 agebatur,
736 2546 773 2605 ut
795 2541 884 2606 nulla
906 2559 1015 2625 pugna
1038 2539 1188 2624 superati,
1207 2537 1294 2602 nullo
1318 2534 1432 2602 Martio

285 2649 408 2730 impetu
435 2647 537 2714 territi
567 2648 751 2713 sedarentur
778 2647 908 2729 inimici,
933 2647 983 2712 his
1012 2646 1115 2711 modis
1140 2663 1265 2727 semper
1291 2645 1464 2728 ageretuno

287 2757 320 2818 et
343 2773 467 2839 semper·
489 2755 590 2820 Roma
614 2755 733 2818 clausis
756 2755 823 2820 Iani
846 2753 946 2836 portis
970 2756 1082 2835 pacata
1105 2753 1260 2836 regnaret.
1290 2747 1384 2827 Quod
1406 2746 1432 2810 si

286 2861 317 2924 in
341 2865 501 2945 potestate
525 2880 585 2925 nou
609 2861 681 2939 fuit,
705 2880 765 2925 non
791 2880 864 2944 ergo
883 2861 984 2925 Roma
1007 2878 1118 2943 pacem
1141 2857 1263 2934 habuit,
1283 2853 1433 2938 quamdiu

287 2969 319 3032 di
344 2987 462 3048 eorum,
482 2967 538 3033 sed
563 2967 715 3050 quamdiu
738 2968 881 3033 homines
905 2965 1031 3030 finitimi
1056 2965 1302 3046 circumquaque
1325 2959 1434 3025 uolue-

287 3078 370 3152 runt,
396 3074 450 3158 qui
479 3094 548 3139 eam
577 3073 664 3139 nullo
692 3074 776 3139 bello
806 3075 1072 3156 prouocaueiunt3
1102 3071 1163 3136 nisi
1191 3071 1272 3134 forto
1301 3067 1332 3132 di
1355 3066 1432 3130 tales

288 3180 383 3246 etiam
416 3181 449 3246 id
477 3180 597 3246 homini
624 3181 759 3245 uendere
788 3178 960 3258 audebunt,
989 3179 1072 3260 quod
1100 3177 1182 3242 alius
1209 3176 1304 3241 homo
1331 3171 1463 3239 uoluito

289 3288 358 3351 siue
382 3288 493 3352 noluit.
527 3289 663 3352 Interest
687 3287 814 3368 quidem
837 3286 901 3350 iam
923 3284 1003 3350 uitio
1026 3284 1164 3369 proprio,
1187 3283 1288 3346 malas
1313 3283 1431 3344 mentes

289 3397 445 3475 qnatenus
474 3393 618 3458 sinantur
640 3393 695 3458 isti
719 3392 886 3458 daemones
911 3392 964 3458 uel
987 3393 1103 3456 terrere
1126 3389 1178 3455 uel
1203 3388 1352 3463 eroita1e3
1382 3383 1432 3450 sed

380 3586 396 3637 5
416 3585 474 3639 (lat.
494 3586 510 3640 6

326 3720 342 3773 3
362 3717 480 3772 abiditas
499 3717 558 3771 LA
641 3719 658 3771 4
678 3723 703 3770 et
723 3717 753 3771 11
774 3716 864 3770 liuert.
883 3714 910 3769 L
996 3715 1012 3768 5
1031 3713 1149 3782 regibus,
1168 3728 1232 3766 rm.
1253 3713 1272 3764 2
1289 3709 1322 3762 in
1340 3719 1431 3770 rus.‚e

290 3809 465 3878 bprospera
489 3807 565 3877 satis]
589 3805 778 3877 prosperitatis
800 3803 833 3857 0¹
924 3799 1246 3866 laioutLhObdp;
1269 3797 1351 3851 sicuti
1375 3809 1431 3862 equ
1511 3835 1512 3850 r

291 3896 408 3966 Slonge
429 3895 673 3965 catcsperieulis
692 3897 840 3962 m‚2saep.
860 3893 909 3949 tin.
929 3909 948 3945 a
1003 3892 1037 3945 10
1056 3887 1145 3944 th¹
1200 3879 1431 3957 13vportauantb

293 3987 326 4039 19
346 3969 550 4056 agetabaturt'
602 3985 636 4038 25
650 3981 843 4037 benderoLA
915 3979 1085 4034 audebantc
1138 3977 1173 4030 26
1187 3976 1307 4030 Interest
1321 3971 1431 4043 quiden·

290 4075 344 4128 iam
372 4073 441 4128 uitio
470 4073 577 4144 proprio
602 4073 687 4126 malas
711 4075 816 4124 mentes
840 4073 904 4124 cett.
927 4071 967 4123 sie
988 4068 1087 4122 Domb.
1110 4065 1197 4120 uerba
1221 4063 1365 4130 distinait;
1390 4059 1431 4113 oa
1511 4083 1512 4086 ¹

291 4167 370 4225 reolo,
389 4179 449 4215 meos
472 4177 567 4215 somus
588 4163 625 4214 sit
647 4161 715 4214 uitio
739 4159 848 4229 proprio
866 4159 920 4211 iam
939 4157 1069 4211 interesse
1090 4153 1257 4214 daemonum.
1340 4155 1430 4205 terrere
1511 4197 1512 4230 3

292 4255 357 4306 cett.
383 4249 540 4317 (daemones
564 4250 672 4319 proprio
696 4247 765 4301 uitio
790 4263 848 4300 esse
871 4247 1005 4314 malignos
1028 4243 1168 4312 colligitur
1190 4258 1223 4296 es:
1242 4241 1301 4295 loco
1321 4233 1430 4302 XVIII,

292 4355 314 4392 e.
334 4343 380 4404 18)
453 4339 672 4406 iarum.lsup.
694 4337 787 4392 liar]
