3072 4930
284 439 347 502 194
625 433 651 490 S.
678 430 835 487 Aurelii
861 433 1078 502 Augustini

281 631 484 716 pertinerent.
522 627 585 695 Sed
612 632 781 713 postquam
806 629 877 694 Ioui
904 631 1059 713 templum
1083 628 1209 713 insigne
1232 649 1268 695 ac
1292 630 1421 696 sublime

283 739 502 803 constructum
517 740 575 815 ost,
591 740 720 820 propter
734 735 820 802 aedis
836 736 1024 820 dignitatem
1039 736 1086 802 sic
1104 736 1145 801 ad
1163 757 1234 802 eum
1254 736 1420 802 multitudo

283 844 443 924 confluxit,
466 847 504 908 ut
526 843 579 907 uix
602 844 784 908 inueniatur
806 843 862 926 qui
881 841 1047 908 Summani
1069 861 1193 922 noman,
1213 843 1298 926 quod
1322 842 1421 908 audire

282 951 345 1016 iam
364 970 426 1016 non
444 954 561 1034 potest,
577 968 611 1014 se
631 949 744 1014 saltem
763 949 883 1034 legisse
901 950 1090 1015 meminerit.
1116 949 1150 1015 Si
1169 952 1275 1015 eutem
1294 948 1421 1014 felicitas

283 1057 341 1122 dea
363 1077 425 1122 non
454 1059 512 1134 est,
537 1057 695 1140 quoniam,
721 1055 806 1139 quod
833 1075 944 1120 uerum
973 1060 1031 1134 est,
1055 1075 1172 1121 munus
1201 1059 1250 1121 est
1273 1056 1347 1121 Dei:
1373 1054 1420 1119 ille
1446 1077 1455 1116 a

283 1164 370 1229 Deus
405 1165 583 1247 quaeratur,
612 1164 667 1245 qui
699 1182 768 1227 eam
799 1162 871 1226 dare
903 1163 1016 1246 possit,
1050 1166 1082 1227 et
1112 1163 1266 1228 falsorum
1300 1161 1421 1228 deorum

282 1271 456 1336 multitudo
481 1271 572 1334 noxia
594 1270 799 1352 relinquatur,
821 1289 915 1352 quarn
939 1270 1110 1334 stultorum
1134 1269 1300 1334 hominum
1322 1268 1421 1333 multi·

282 1378 360 1443 tudo
385 1397 467 1443 uana
490 1381 638 1452 sectatur,
659 1377 720 1441 Dei
739 1375 820 1442 donn
838 1376 914 1441 deos
934 1374 996 1440 sibi
1013 1375 1132 1441 faciens
1152 1379 1185 1440 et
1202 1377 1319 1459 ipsum,
1338 1375 1419 1440 ouius

281 1504 319 1549 ea
343 1485 423 1551 dona
447 1489 531 1562 sunt,
557 1484 769 1550 obstinatione
793 1483 945 1567 superbae
968 1483 1145 1548 uoluntatis
1170 1481 1338 1548 offendens.
1374 1480 1419 1546 Sic

283 1593 367 1656 enim
391 1611 494 1656 carere
517 1612 578 1656 non
601 1595 709 1673 potest
731 1590 929 1667 infelicitate,
954 1590 1009 1672 qui
1031 1595 1195 1673 tamquam
1219 1589 1308 1653 deam
1331 1585 1454 1652 felici-10

283 1701 383 1762 tatem
407 1697 484 1762 colit
506 1701 539 1763 et
561 1698 664 1762 Deum
689 1697 837 1780 datorem
853 1696 1016 1762 felicitatis
1039 1695 1200 1779 relinquit,
1220 1696 1305 1762 sicut
1326 1711 1419 1758 cerere

283 1823 345 1868 nou
374 1805 481 1887 potest
502 1801 596 1881 fame,
621 1803 674 1885 qui
698 1820 810 1884 panem
833 1803 956 1884 pictum
979 1801 1074 1885 lingit
1096 1805 1129 1864 et
1152 1800 1190 1866 ab
1214 1801 1348 1878 bomine,
1370 1799 1418 1879 qui

284 1930 396 1975 uerum
419 1910 524 1988 habet,
548 1928 609 1974 non
633 1909 721 1992 petit.

712 2099 849 2166 CAPUT
871 2100 1004 2165 XXIIII.

285 2243 368 2324 Qua
403 2243 562 2307 ratione
601 2240 821 2307 defendant
857 2242 1013 2325 pagani,
1047 2242 1152 2324 quod
1189 2242 1298 2306 inter
1333 2240 1452 2304 deese

585 2348 722 2413 colant
744 2350 834 2431 ipsa
857 2349 958 2412 dona
981 2348 1130 2413 diuina.

328 2492 419 2556 Libet
452 2493 558 2554 autem
592 2509 701 2555 eorum
734 2491 931 2555 considerare
963 2491 1112 2556 rationes.
1159 2491 1269 2573 Usque
1302 2490 1417 2556 adeone,

283 2598 441 2682 inquiunt,
461 2598 594 2664 maiores
618 2601 743 2663 nostros
767 2597 954 2680 insipientes
977 2598 1077 2663 fuisse
1102 2598 1292 2663 credendum
1316 2601 1371 2674 est,
1387 2603 1418 2659 ut

283 2707 361 2770 haec
388 2705 545 2770 nescirent
567 2724 697 2770 munera
724 2704 832 2768 diuina
860 2723 940 2784 esse,
965 2725 1025 2770 non
1055 2705 1152 2769 deos?
1190 2703 1252 2770 Sed
1283 2704 1418 2788 quoniam

286 2811 429 2876 sciebant
451 2811 568 2876 nemini
587 2811 664 2875 talia
682 2811 745 2875 nisi
764 2811 869 2894 aliquo
890 2811 947 2875 deo
966 2810 1118 2897 largiente
1138 2812 1276 2890 concedi,
1297 2827 1418 2894 quorum
1433 2833 1452 2870 n

285 2918 416 2982 deorum
435 2919 562 2982 nomina
580 2937 641 2982 non
660 2917 872 2994 inueniebant,
889 2937 995 3004 earum
1013 2937 1118 2982 nomm
1132 2919 1311 2982 nominibus
1326 2915 1419 3001 appel·

283 3025 391 3088 labant
414 3024 500 3102 deos,
521 3043 599 3108 quas
624 3025 662 3088 ab
687 3024 732 3088 cis
757 3023 934 3089 sentiebant
956 3024 1032 3101 dari,
1052 3025 1158 3107 aliqua
1179 3025 1336 3090 uocabula
1355 3021 1419 3087 inde

283 3131 457 3208 flectentes,
477 3131 563 3195 sicut
585 3151 603 3196 a
625 3131 709 3195 bello
728 3130 894 3194 Bellonam
916 3134 1189 3214 nuncupauerunt,
1208 3151 1269 3196 non
1290 3130 1417 3203 Bellum3

285 3237 369 3300 sicut
387 3255 405 3300 a
420 3237 510 3300 cunis
527 3235 690 3314 Cuninam,
706 3255 767 3301 non
783 3235 919 3312 Ounam3
940 3237 1024 3301 sicut
1043 3256 1061 3301 a
1080 3237 1243 3320 segetibus
1259 3237 1418 3320 Segetiam,

285 3363 345 3406 non
371 3343 528 3427 segetem,
554 3342 697 3425 epomis
722 3342 904 3420 Pomonam,
924 3363 983 3408 non
1003 3343 1152 3418 Pomunn
1178 3345 1263 3409 sicut
1286 3364 1304 3409 a
1325 3342 1417 3408 bubus
1432 3363 1453 3404 a

283 3449 460 3526 Bubonem,
484 3468 546 3513 non
570 3449 705 3514 Bouem:
735 3452 791 3513 aut
818 3452 902 3514 certe
931 3450 1020 3515 nulla
1047 3450 1195 3515 uocabnli
1224 3449 1418 3516 declinatione

286 3555 370 3621 sicut
392 3575 442 3620 res
466 3557 554 3640 ipsae
573 3556 788 3634 nominantur,
806 3558 842 3619 ut
861 3556 1000 3620 Pecunia
1019 3556 1104 3621 dicta
1123 3563 1171 3622 est
1191 3559 1259 3636 dea,
1280 3577 1355 3642 quae
1373 3554 1419 3617 dat
1502 3585 1503 3602 κ

284 3663 462 3745 pecuniam,
481 3681 543 3727 non
568 3663 692 3727 omnino
715 3663 851 3745 pecunia
870 3662 928 3726 dea
946 3663 1015 3746 ipsa
1033 3667 1145 3746 putata
1163 3669 1226 3740 est;
1251 3666 1296 3730 ita
1311 3663 1418 3727 Virtus.

285 3787 365 3851 quae
390 3769 443 3832 dat
466 3769 630 3846 uirtutem,
655 3768 773 3846 Honor,
795 3767 849 3850 qui
872 3769 1031 3848 honorem,
1053 3768 1236 3848 Concordia,
1257 3788 1335 3853 quae
1357 3785 1418 3832 con·

322 4046 398 4115 lac]
419 4045 548 4114 adqucd
621 4045 729 4100 ddecr.
749 4046 876 4103 falsonv
948 4046 1159 4102 8donaDeiv
1232 4041 1417 4104 ceaom.0¹

286 4163 319 4216 ra
337 4127 456 4231 rugitu
514 4163 545 4218 13
565 4161 690 4232 penem
745 4162 1263 4233 21superfluous,-aopeueoantm
1317 4160 1418 4218 aaran

285 4250 496 4304 ...sentiebant
514 4267 564 4304 om.
583 4251 620 4304 Λ1
710 4251 843 4304 uocuunla
861 4251 888 4305 L
960 4253 993 4306 25
1018 4269 1034 4305 a
1052 4253 1139 4322 pomis
1157 4251 1216 4306 Lu
1228 4251 1243 4306 b
1254 4269 1309 4322 η),-
1326 4251 1419 4304 sicula

286 4355 358 4407 pom.
380 4337 477 4392 Credi.
496 4356 511 4393 e
530 4339 629 4392 Domb.
698 4341 732 4394 26
751 4338 920 4394 bobonarne
990 4339 1133 4394 bobemL
1206 4342 1240 4395 29
1260 4337 1419 4411 quiadatd
