3094 4932
381 405 430 458 De
460 406 633 460 ciuitate
662 405 725 460 dei
753 407 817 460 lib.
846 406 867 460 I.
897 424 971 477 cap.
1001 409 1025 464 2.
1054 410 1079 460 3.
1284 412 1301 472 z

616 599 753 665 CAPUT
777 601 834 664 Ill.

219 739 342 819 Quam
366 742 635 822 inprudenter
657 743 823 807 Romani
848 743 942 806 deos
966 745 1146 824 penates.
1173 744 1239 824 qui

150 847 310 913 Troiam
341 849 552 914 custodire
580 870 653 914 non
679 853 911 931 potuerant,
941 849 1022 913 sibi
1046 849 1304 914 crediderint

597 956 849 1038 profuturos.

117 1110 129 1150 ⁵
193 1095 277 1158 Ecce
300 1095 447 1178 qualibus
472 1095 520 1160 dis
541 1096 658 1161 Urbem
677 1095 810 1161 Romani
834 1097 1021 1161 seruandam
1046 1117 1079 1162 se
1104 1097 1303 1162 commisisse

150 1202 346 1286 gaudebant!
363 1201 534 1266 Onimium
549 1203 762 1267 miserabilem
779 1207 928 1268 errorem!
946 1205 986 1267 Et
1000 1205 1090 1268 nobis
1107 1209 1303 1283 suscensent,

151 1328 222 1372 curn
253 1309 292 1372 de
327 1309 375 1372 dis
410 1328 517 1372 eorum
541 1309 620 1372 talia
644 1310 794 1387 dicimus;
823 1329 881 1374 nee
906 1314 1093 1374 suscensent
1121 1311 1303 1375 auctoribus

152 1417 230 1492 suis,
256 1436 336 1498 quos
362 1420 399 1480 ut
422 1416 598 1480 ediscerent
616 1416 793 1481 mercedem
814 1417 968 1481 dederunt
987 1417 1194 1500 doctoresque
1214 1417 1300 1499 ipsos

152 1541 283 1605 iusuper
302 1527 335 1587 et
358 1523 470 1588 salario
495 1523 624 1606 publico
650 1528 681 1588 et
698 1524 870 1588 honoribus
892 1523 1094 1608 dignissimos
1116 1525 1303 1589 hahuerunt.

108 1645 132 1682 10
150 1628 273 1710 Nempe
306 1632 385 1712 aput
407 1629 595 1714 Vergilium,
630 1649 723 1712 quem
757 1634 922 1714 propterea
954 1631 1079 1714 paruuli
1112 1632 1233 1714 legunt,
1267 1635 1303 1696 ut

151 1735 305 1801 uidelicet
321 1741 416 1818 poeta
434 1757 569 1820 magnus
590 1737 793 1818 omniumque
812 1738 1084 1820 praeclarissimus
1103 1738 1205 1819 adque
1225 1738 1304 1821 opti-

151 1863 222 1906 mus
246 1842 365 1906 teneris
389 1843 527 1906 ebibitus
547 1843 661 1906 animis
681 1862 741 1906 nou
760 1843 853 1907 fenile
875 1843 1033 1908 obliuione
1054 1843 1157 1926 possit
1175 1843 1303 1920 aboleri,

153 1949 329 2014 secundum
353 1949 434 2013 illud
457 1949 595 2014 Horatii:

244 2079 306 2147 Quo
332 2079 420 2136 semel
445 2081 489 2136 est
512 2078 615 2136 inbuta
639 2095 739 2136 recens
764 2079 893 2137 seruabit
916 2081 1032 2138 odorem

112 2196 136 2235 15
244 2167 332 2225 Testa
356 2168 405 2225 diu
428 2199 471 2208 —

152 2291 230 2368 aput
247 2287 332 2350 hrrnc
353 2305 427 2370 ergo
438 2285 616 2370 Vergilium
635 2307 746 2369 nempe
761 2288 840 2352 luno
856 2288 1016 2353 inducitur
1030 2288 1146 2352 infesto
1161 2288 1302 2352 Troianis

152 2394 249 2458 Aeolo
275 2396 443 2458 uentorum
466 2394 534 2477 regi
557 2393 710 2458 aduersus
735 2413 788 2458 eos
812 2395 968 2458 inritando
993 2395 1111 2460 dicere:

243 2523 322 2582 Gens
345 2521 463 2581 inimica
486 2523 556 2580 mihi
580 2523 757 2597 Tyrrhenum
782 2524 904 2596 nauigat
927 2540 1038 2598 aequor

241 2613 327 2672 Ilium
356 2613 385 2670 in
410 2612 524 2670 Italiam
548 2615 668 2686 portans
692 2613 843 2686 uictosque
866 2619 997 2688 penates.

112 2748 137 2786 eo
154 2731 240 2794 Itane
269 2731 341 2796 istis
371 2730 538 2813 penatibus
563 2730 658 2794 uictis
682 2731 825 2807 Romam,
853 2750 891 2795 no
915 2731 1105 2798 uinceretur.
1134 2730 1303 2810 prudentes

155 2838 373 2902 commendare
407 2838 603 2902 debuerunt?
639 2837 699 2902 Sed
733 2839 809 2902 haec
837 2840 916 2903 Iuno
950 2838 1075 2902 dicebat
1108 2839 1198 2902 uelut
1224 2836 1305 2900 irata

156 2946 279 3021 mulier,
295 2945 371 3026 quid
389 2945 572 3026 loqueretur
590 2944 747 3028 ignorans.
769 2943 851 3025 Quid
866 2945 987 3010 Aeneas
1002 2945 1080 3026 ipse,
1099 2945 1172 3028 pius
1186 2943 1303 3008 totiens

155 3051 342 3133 appellatus,
368 3069 467 3115 nonne
491 3051 536 3114 ita
559 3054 677 3114 narrat:

244 3181 377 3238 Panthus
402 3179 573 3254 Othryades,
599 3181 674 3238 arcis
697 3180 866 3254 Phoebique
890 3182 1036 3248 sacerdos,

112 3299 138 3338 25
243 3271 332 3328 Sacra
355 3287 442 3328 mann
466 3270 617 3342 uictosque
642 3271 711 3327 deos
734 3288 913 3344 paruuruque
939 3272 1072 3342 nepotem

241 3359 310 3432 Ipse
333 3359 423 3416 trahit
446 3375 588 3433 orrrsuque
611 3376 712 3417 amens
738 3361 773 3417 ad
797 3359 897 3418 limina
919 3359 1031 3416 tendit?

153 3475 264 3542 Nonne
289 3477 363 3542 deos
387 3477 485 3559 ipsos,
511 3496 590 3559 quos
615 3477 718 3542 uictos
742 3497 802 3542 uon
828 3478 954 3542 dubitat
977 3478 1089 3549 dicere,
1115 3476 1175 3542 sibi
1195 3477 1302 3559 potius

154 3603 247 3666 quem
273 3603 305 3648 se
329 3584 394 3648 illis
418 3583 563 3664 perhibet
587 3585 835 3662 commendatos,
860 3604 931 3650 cum
958 3585 985 3649 ei
1010 3584 1140 3648 dicitur:

243 3759 277 3810 14
295 3757 363 3827 Epp.
384 3759 408 3817 1.
428 3759 454 3820 2,
474 3759 508 3812 69
564 3759 597 3813 18
616 3761 683 3814 Aen.
705 3759 728 3828 1,
748 3761 781 3814 67
802 3777 841 3829 sq.
898 3760 932 3813 24
952 3761 977 3818 2,
998 3759 1050 3812 319
1071 3775 1128 3826 sqq.

189 3865 205 3917 3
223 3865 322 3916 troiam
342 3864 386 3934 qui
406 3879 423 3933 q
531 3868 657 3933 poterant
674 3881 693 3932 p
803 3865 968 3919 crediderint
989 3865 1024 3930 0,·
1044 3862 1217 3918 crediderunt
1231 3877 1303 3930 pqv

155 3954 169 4004 5
188 3953 354 4005 commisisse
371 3952 437 4020 (sz
451 3971 481 4019 α;
500 3953 700 4006 commendasse
716 3971 734 4006 α
745 3953 865 4021 bdeqh
877 3957 922 4016 fv
966 3956 982 4008 6
1002 3952 1183 4021 Olomnium.
1200 3951 1268 4005 One.
1284 3952 1303 4002 2

154 4047 231 4094 extro
251 4041 414 4104 seersum,0
458 4041 606 4095 ldieimus
626 4059 685 4095 cum
705 4059 783 4096 nece
830 4044 862 4096 12
882 4043 960 4096 annis
976 4059 1022 4110 pn
1070 4043 1102 4095 13
1118 4041 1198 4094 oratii
1217 4039 1239 4092 0
1249 4055 1304 4104 ae;

154 4129 261 4199 horath,
278 4146 288 4197 J
307 4130 396 4183 m.2l
435 4131 466 4184 18
481 4133 617 4184 terrenum
634 4131 683 4196 0¹,-
701 4135 837 4200 tyrrenum
856 4130 956 4197 O²ae;
974 4131 1155 4199 tyrroennml
1192 4129 1226 4181 20
1241 4145 1302 4197 pru·

154 4218 248 4274 denter
268 4219 305 4286 lp
317 4236 334 4268 α
410 4220 444 4272 22
464 4219 530 4288 quid
548 4220 612 4289 loq,
633 4219 699 4288 quid
717 4237 750 4274 ecc
769 4219 841 4288 qnod
860 4235 939 4282 corr,
961 4220 984 4272 C
1061 4221 1096 4274 24
1115 4217 1259 4286 otrhyades
1283 4217 1306 4269 C

153 4308 206 4362 arci
229 4307 263 4362 C¹
338 4305 537 4376 phaebiqueO
