3108 4926
395 443 444 496 De
474 444 649 499 ciuitate
679 444 740 510 dei
768 445 833 500 lib.
862 447 908 502 VI.
938 464 1012 518 cap.
1041 447 1067 503 8.
1232 453 1296 518 287

145 635 290 702 honestis
324 639 376 722 agi
410 638 596 704 debuerunt.
639 636 726 717 Quae
760 643 835 704 sunt
863 659 937 724 ergo
965 641 1022 706 illa
1050 661 1147 718 sacra,
1177 645 1294 726 quibus

144 743 276 826 agendis
306 745 386 810 tales
411 745 508 828 elegit
531 745 694 824 sanctitas
720 746 829 828 quales
853 765 911 812 nec
934 747 1106 832 thymelica
1128 750 1160 814 in
1184 769 1218 814 se
1242 751 1294 816 ad·

142 849 461 916 mfflfflmm?

596 1060 733 1127 CAPUT
757 1061 842 1128 VIII.

106 1200 199 1275 ,De
222 1200 646 1284 interpretationibus
671 1205 922 1269 naturalium
950 1205 1164 1284 rationum,
1189 1227 1291 1290 quas

141 1307 338 1373 doctores
362 1309 511 1392 pagani
539 1327 609 1392 pro
634 1308 695 1374 dis
725 1311 813 1375 suis
843 1315 1041 1376 conantur
1070 1313 1292 1382 ostendere.

186 1453 232 1518 ht
255 1453 339 1518 enim
362 1454 479 1520 habent
501 1453 565 1520 ista
587 1454 823 1540 physiologicas
848 1455 1012 1539 quasdam,
1033 1455 1117 1520 sieut
1141 1455 1239 1534 aiunt,
1259 1457 1292 1522 id

137 1564 192 1627 est
219 1561 414 1626 naturalium
441 1561 599 1626 rationum
627 1561 915 1645 interpretationes.
945 1560 1043 1640 Quasi
1070 1582 1146 1628 nero
1174 1583 1231 1628 nos
1259 1564 1290 1628 iu

135 1669 198 1734 hac
234 1667 448 1752 disputatione
481 1667 702 1752 physiologica
736 1669 917 1751 quaerimus
946 1671 977 1733 et
1004 1688 1066 1734 non
1098 1669 1290 1754 theologian,

94 1796 118 1831 1⁰
136 1775 171 1840 id
205 1779 257 1841 est
289 1775 441 1840 rationem
476 1795 537 1840 non
571 1778 711 1858 naturae,
745 1777 801 1842 sed
832 1775 902 1842 Dei.
937 1775 1091 1856 Quamuis
1125 1777 1207 1842 enim
1236 1778 1291 1860 qui

136 1901 236 1948 uerus
261 1881 348 1946 Deus
372 1885 421 1946 est
444 1901 504 1947 non
530 1881 685 1966 opinione,
711 1883 766 1946 sed
785 1887 898 1948 natura
914 1882 1002 1948 Deus
1023 1883 1080 1948 sit:
1103 1887 1289 1972 nontamen

136 1988 243 2053 omnis
267 1991 379 2052 natura
404 1989 481 2054 deus
506 1991 565 2066 est,
589 1990 663 2073 quia
687 1992 719 2054 et
741 1989 878 2055 hominis
903 1994 934 2054 et
956 1989 1090 2072 pecoris,
1115 1996 1148 2054 et
1170 1990 1289 2056 arboris

135 2097 169 2159 et
191 2094 310 2177 lapidis
334 2096 445 2178 utique
468 2098 581 2160 natura
605 2097 663 2172 est,
688 2115 822 2178 quorum
846 2095 926 2160 nihil
949 2099 998 2160 est
1017 2096 1104 2162 deus.
1130 2095 1165 2160 Si
1183 2101 1289 2161 autem

134 2203 409 2284 interpretationis
438 2202 545 2279 huius,
570 2204 694 2284 quando
724 2204 828 2288 agitur
857 2203 894 2267 de
924 2203 1022 2268 sacris
1045 2203 1158 2267 Matris
1183 2201 1288 2280 deum,

92 2327 117 2368 n
136 2311 235 2392 eaput
259 2311 310 2374 est
332 2311 416 2374 certe
440 2309 524 2392 quod
547 2309 651 2374 Mater
665 2308 768 2386 deum
793 2313 875 2373 terra
898 2313 958 2386 est,
983 2309 1059 2391 quid
1086 2310 1170 2374 ultra
1194 2328 1288 2392 quae-

132 2414 248 2491 rimus,
275 2413 351 2496 quid
375 2418 478 2479 cetera
500 2418 756 2499 perscrutamur?
786 2413 870 2494 Quid
894 2415 1074 2480 euidentius
1099 2415 1288 2500 suffragatur

134 2521 191 2599 eis,
223 2519 279 2602 qui
309 2519 419 2584 dicunt
446 2539 555 2586 omnes
583 2519 664 2585 istos
693 2521 768 2585 deos
796 2521 940 2586 homines
968 2521 1088 2585 fuisse?
1122 2519 1175 2585 Sic
1203 2520 1286 2586 enim

132 2631 211 2690 sunt
234 2627 422 2711 terrigenae,
446 2628 492 2692 sic
517 2626 562 2692 eis
585 2629 688 2692 mater
711 2630 760 2692 est
783 2629 875 2692 terra.
903 2628 939 2692 In
969 2647 1044 2693 uera
1067 2629 1174 2694 autem
1198 2627 1286 2692 theo·

131 2733 220 2818 logia
249 2751 330 2816 opus
358 2732 419 2797 Dei
448 2737 497 2798 est
523 2737 614 2813 terra,
643 2754 704 2798 non
733 2737 844 2798 mater.
872 2734 991 2799 Verum
1023 2738 1128 2799 tamen
1157 2753 1284 2817 quoquo

89 2871 114 2910 co
131 2840 229 2906 modo
255 2859 345 2905 sacra
368 2841 436 2906 eius
459 2841 704 2923 interpretentur
728 2845 760 2905 et
781 2841 918 2905 reserant
936 2840 976 2905 ad
998 2860 1103 2904 rerum
1125 2843 1284 2904 naturam:

133 2948 220 3014 uiros
251 2947 418 3012 muliebria
445 2947 511 3030 pati
539 2967 600 3011 nou
630 2951 679 3012 est
707 2946 881 3012 secundum
909 2951 1063 3024 naturam,
1093 2947 1148 3012 sed
1177 2950 1285 3011 contra

130 3059 290 3119 naturam.
318 3053 380 3118 Hic
408 3053 548 3132 morbus,
576 3054 636 3120 hoc
665 3055 793 3130 crimen,
822 3055 883 3118 hoc
911 3053 1046 3118 dedecus
1075 3053 1172 3118 habet
1202 3053 1285 3117 inter

130 3161 187 3225 illa
213 3180 304 3226 sacra
326 3161 565 3245 professionem,
586 3160 668 3243 quod
689 3161 721 3225 in
741 3160 867 3224 uitiosis
887 3161 1052 3224 hominum
1069 3159 1211 3225 moribus
1231 3159 1284 3224 uix

130 3266 230 3331 habet
253 3267 335 3331 inter
357 3270 515 3331 tormenta
539 3267 781 3332 consessionem.
805 3266 925 3332 Deinde
950 3267 978 3331 si
1001 3267 1064 3330 ista
1084 3285 1182 3343 sacra,
1202 3286 1282 3349 quae

89 3401 113 3440 n
130 3374 287 3439 scaenicis
317 3374 566 3458 turpitudinibus
596 3375 827 3438 conuincuntur
854 3393 923 3439 esse
951 3372 1100 3451 foediora,
1129 3373 1201 3438 hinc
1235 3393 1282 3438 ex-

131 3485 286 3546 cusantur
309 3481 411 3564 adque
435 3483 620 3564 purgantur,
645 3481 730 3562 quod
754 3481 871 3546 hahent
897 3480 1171 3564 interpretationes
1196 3500 1280 3558 suos,

131 3588 248 3670 quihus
274 3587 482 3652 ostendantur
499 3606 604 3651 rerum
624 3586 800 3670 significare
819 3589 977 3652 naturam:
1004 3606 1086 3669 quur·
1104 3607 1163 3652 nou
1185 3587 1280 3651 etiam

164 3829 777 3900 lffimcwmffifflmff
847 3829 1280 3897 mfflwssmma

129 3919 144 3972 9
171 3919 329 3990 quaerimus
359 3917 609 3988 Cobdolphf5
642 3935 802 3987 quaeramus
830 3935 871 3986 qo
898 3917 998 3976 Doiuh.
1027 3919 1077 3986 (cs.
1101 3935 1130 3986 p.
1159 3921 1224 3986 149,
1252 3923 1279 3972 2.

129 4011 191 4074 168,
213 4012 246 4075 3)
359 4009 390 4061 11
414 4009 544 4078 nelltura,
564 4013 594 4062 tu
613 4007 738 4072 eroe.,O
852 4007 889 4061 sit
906 4007 1014 4062 Deusu
1141 4007 1187 4076 sit]
1209 4008 1280 4062 sstl

131 4095 646 4166 lhfflmfflltffimmm
703 4096 940 4165 mmmm&
1012 4095 1288 4162 mmfflmmo

131 4221 161 4276 19
179 4223 254 4278 Uero
275 4237 391 4292 quoquo,
406 4221 505 4274 ortheo
519 4225 619 4284 tamen,
635 4220 654 4273 d
725 4237 777 4290 quo
796 4221 818 4274 C
828 4222 838 4275 1
891 4221 924 4274 21
945 4181 1096 4284 muliebria,
1111 4220 1141 4274 in
1155 4221 1279 4290 marpr'ue

129 4324 252 4402 muliebri
271 4345 370 4401 habitu
389 4361 403 4400 e
456 4347 490 4399 25
510 4347 701 4418 ercufs'santur,
717 4344 745 4398 sa
757 4361 836 4414 eros,
855 4345 889 4412 Ο,
909 4349 1085 4400 excausantnr
1099 4346 1123 4400 c¹
