3164 4932
383 449 433 502 De
463 449 636 501 ciuitate
664 448 725 501 dei
753 448 816 503 lib.
845 447 905 501 XII.
935 465 1010 516 cap.
1039 450 1079 502 14.
1241 452 1305 516 ,387

159 649 190 708 et
214 641 396 708 occubando
421 646 453 705 et
475 641 610 723 inperita
632 645 850 722 perseueraret
871 641 1048 707 infirmitas.
1077 643 1254 707 Potuerunt
1277 645 1310 706 et

159 751 213 834 qui
241 751 370 814 fuerunt
393 753 465 812 anto
489 768 545 812 nos
569 748 649 832 ipsis
672 749 854 814 recentibus
879 750 1016 814 hominis
1041 751 1138 814 creati
1160 749 1309 832 tempori·

158 858 218 920 bus
248 857 343 920 istam
373 873 500 918 mouere
529 855 758 936 quaestionem.
799 855 873 937 lpse
901 855 1035 938 denique
1064 858 1186 937 primus
1213 857 1309 920 homo

159 964 211 1026 uel
242 961 396 1044 postridie
429 960 481 1025 uel
514 960 623 1026 eodem
654 961 703 1025 die
731 964 842 1042 postea
871 980 964 1042 quern
992 962 1095 1026 factus
1126 965 1176 1026 est
1202 963 1310 1044 potuit

123 1093 135 1129 s
158 1070 324 1151 inquirere,
350 1087 430 1149 quur
453 1087 514 1132 uon
540 1072 611 1132 ante
637 1067 679 1130 sit
705 1068 824 1143 factum
859 1073 891 1132 et
925 1069 1188 1151 quandocumque
1216 1078 1309 1132 antea

157 1176 262 1239 factus
297 1178 392 1252 esset,
425 1193 486 1237 non
520 1175 604 1238 uires
638 1179 713 1238 tuno
746 1175 825 1238 alias
854 1179 886 1238 et
914 1175 992 1240 alias
1020 1193 1103 1240 nnnc
1132 1175 1185 1238 uel
1212 1176 1307 1240 etiam

157 1285 270 1363 postea
292 1283 356 1345 ista
379 1281 417 1345 de
436 1281 527 1345 initio
547 1300 651 1344 rerum
671 1281 894 1363 temporalium
915 1283 1130 1347 controuersia
1146 1283 1309 1364 reperiret.

604 1473 740 1540 CAPUT
762 1474 866 1538 XIIII.

157 1615 211 1679 De
235 1614 499 1679 reuolutione
523 1615 792 1691 saeculorum,
818 1615 966 1696 quibus
991 1619 1101 1680 certo
1121 1616 1204 1679 line
1225 1634 1308 1680 con-

113 1702 293 1790 1oclnsis
324 1721 519 1786 uniuersa
552 1741 708 1803 semper
740 1722 778 1784 in
812 1723 980 1786 eundern
1013 1721 1193 1786 ordinem
1226 1741 1309 1785 ean-

218 1829 386 1908 demque
412 1829 586 1909 speciem
611 1827 795 1892 reditura
819 1827 980 1909 quidam
1004 1827 1244 1910 philosophi

598 1935 870 1998 crediderunt.

202 2076 292 2140 Hanc
321 2079 426 2141 autem
457 2095 489 2140 se
513 2075 694 2159 philosophi
718 2075 829 2141 muudi
854 2076 950 2141 huius
975 2095 1035 2140 non
1060 2075 1153 2140 aliter
1175 2079 1309 2157 putaue-

155 2186 230 2246 runt
256 2201 351 2266 posse
380 2183 433 2246 nel
462 2182 574 2246 debere
599 2181 784 2257 dissoluere,
809 2182 871 2246 nisi
894 2190 931 2246 ut
955 2183 1106 2247 circuitus
1131 2187 1309 2264 temporum

113 2320 136 2356 n
157 2290 351 2368 inducerent,
368 2289 483 2373 quibus
504 2289 613 2354 eadem
634 2309 757 2371 semper
774 2289 874 2353 fuisse
893 2293 1044 2353 renouata
1059 2289 1159 2371 adque
1174 2288 1309 2370 repetitu

156 2399 187 2461 in
216 2417 321 2460 rernm
349 2401 460 2461 natura
489 2397 591 2479 adque
618 2397 662 2459 ita
690 2396 837 2478 deinceps
865 2397 932 2460 fore
962 2397 1029 2460 siue
1054 2396 1230 2461 cessatione
1255 2394 1308 2458 ad·
1395 2376 1398 2387 ¹

157 2507 339 2568 seuermont
356 2503 519 2568 uolumina
538 2503 734 2568 uenientium
755 2507 786 2567 et
805 2504 1072 2585 praetereuntium
1092 2503 1305 2576 saeculorum;

157 2612 227 2676 siue
260 2611 291 2674 in
324 2611 442 2674 mundo
471 2615 673 2692 permanente
701 2611 757 2675 isti
786 2611 938 2674 circuitus
969 2609 1086 2689 herent,
1115 2610 1183 2674 siue
1212 2607 1307 2671 certis

157 2717 333 2780 interuallis
367 2718 468 2781 oriens
503 2721 535 2780 et
568 2717 713 2782 occidens
747 2717 884 2781 mundns
918 2717 1027 2781 eadem
1060 2735 1184 2798 semper
1216 2713 1307 2797 qnasi

111 2851 137 2889 eo
158 2843 251 2901 noua,
267 2842 347 2904 quae
366 2826 525 2886 transacta
545 2825 577 2886 et
595 2827 729 2886 uentura
748 2825 833 2898 sunt,
850 2823 1021 2887 exhiberet:
1042 2825 1068 2886 A
1089 2841 1150 2902 quo
1169 2819 1307 2884 ludibrio

156 2949 287 3013 prorsus
310 2929 510 2994 inmortalem
536 2930 683 3003 animam,
704 2929 800 2994 etiam
819 2949 892 2993 oum
912 2930 1101 3012 sapientiam
1121 2929 1305 3012 perceperit,

155 3037 289 3100 liberare
312 3054 372 3099 non
397 3043 542 3118 possunt,
567 3043 693 3100 euntem
718 3036 784 3100 sine
810 3037 985 3101 cessatione
1010 3036 1049 3100 ad
1072 3037 1185 3100 falsam
1208 3035 1306 3098 beati-

156 3142 302 3206 tudinem
336 3147 368 3205 et
399 3143 438 3206 ad
470 3163 577 3206 ueram
610 3143 770 3206 miseriam
803 3143 870 3206 sine
903 3144 1079 3208 cessatione
1111 3141 1305 3205 redeuntem.

158 3249 228 3328 Quo
253 3249 346 3312 modo
371 3251 452 3313 enim
476 3268 550 3313 uera
575 3249 738 3313 beatitudo
763 3253 821 3326 est,
846 3249 883 3312 de
904 3250 995 3314 cuius
1014 3269 1185 3330 numquam
1207 3251 1306 3312 aeter-

112 3387 137 3424 no
158 3357 258 3419 nitate
282 3356 460 3434 confiditur,
484 3356 558 3420 dum
584 3358 687 3420 anima
710 3359 875 3420 uenturam
897 3357 1057 3420 miseriam
1078 3361 1133 3419 aut
1149 3353 1306 3436 inperitis-

159 3463 240 3526 sime
273 3463 304 3525 in
337 3463 472 3526 ueritate
500 3463 601 3526 nescit
630 3467 684 3526 aut
712 3461 930 3526 infelicissime
958 3465 987 3526 in
1016 3461 1211 3526 heatitudine
1239 3481 1305 3543 per-

198 3737 210 3787 1
242 3733 399 3788 occubando
423 3733 529 3802 (obcub.
561 3735 591 3800 l)
619 3733 730 3798 Vada·
759 3733 915 3802 occupando
940 3734 969 3798 b;
997 3733 1179 3788 occumbendo
1204 3733 1306 3802 al²po

159 3827 313 3893 dquurat
416 3821 606 3878 leotronam
703 3825 740 3890 et]
762 3827 832 3875 estt
923 3824 1257 3876 duuncexhunceorr.
1283 3822 1308 3874 V

160 3913 391 3986 leontrouersin]
412 3913 546 3966 leducat
613 3911 714 3981 8Cap.
734 3911 834 3966 Xlllo
899 3913 931 3965 13
951 3911 1044 3964 mnndi
1063 3911 1151 3980 huius]
1171 3911 1307 3964 lacunct
1354 3971 1360 3974 ,

159 4002 252 4070 aliter]
273 4001 369 4054 interi
425 4003 457 4054 14
477 4001 535 4054 deb.
557 4000 659 4069 dissei]
675 4001 804 4052 luminat
860 4001 901 4055 14.
918 3998 959 4064 18,
974 4016 999 4068 p.
1014 3999 1076 4065 588,
1090 4002 1107 4052 4
1122 3999 1276 4053 circumitus
1289 4016 1306 4052 o

161 4095 193 4146 15
214 4089 374 4144 ducerentt
446 4097 633 4144 renouaremt
709 4095 793 4158 utque
812 4093 928 4158 repeti
1001 4090 1033 4142 17
1053 4105 1113 4142 nen.
1132 4091 1305 4158 proetereun-

158 4181 316 4249 tinmqueo
384 4180 416 4232 18
435 4179 590 4232 circuiuitt
653 4179 687 4232 20
708 4195 739 4231 eo
758 4193 860 4246 quaec
941 4195 992 4248 quq
1010 4177 1205 4230 transieruntl
1278 4183 1307 4231 et

160 4285 229 4338 quae
249 4272 365 4322 uentura
384 4269 417 4322 lo
508 4272 537 4322 at
556 4285 608 4336 quo
632 4267 658 4321 V
736 4269 768 4320 21
789 4267 961 4336 perceperint
979 4267 1137 4320 liberarest
1218 4268 1252 4321 24
1272 4267 1306 4320 de

159 4359 247 4426 cuins]
269 4357 319 4410 deo
339 4357 411 4410 uitus
431 4364 441 4410 t
496 4361 529 4410 25
548 4359 673 4410 mineram
693 4355 718 4408 e²
