3164 4932
367 461 417 516 De
446 463 617 517 ciuitate
646 463 707 520 dei
734 464 799 519 lib.
824 463 899 524 x111.
928 482 1002 536 cup.
1033 467 1074 520 19.
1240 470 1303 534 641

153 677 220 724 ram
243 657 412 741 relinquat,
441 657 682 741 congruentiam
709 656 830 742 figurae
853 659 1130 743 membrorumque
1155 660 1304 740 detineat,

69 807 73 815 -
155 764 300 829 detrahat
322 763 470 846 ponderis
493 764 699 829 tarditatem?
724 763 786 830 Sed
814 765 851 829 de
874 764 935 831 fide
958 767 1198 832 resurrectionis
1222 787 1304 832 nior-

154 875 284 936 tuornm
314 875 347 936 at
373 871 411 936 de
441 871 626 952 corporibus
659 889 768 936 eorum
800 871 1022 938 inmortalibus
1051 871 1247 958 diligentius,
1277 873 1305 940 si

154 978 241 1042 Deus
265 977 414 1054 uoluerit,
437 977 469 1042 in
493 976 554 1042 fine
578 977 675 1043 huius
699 978 802 1061 operis
826 979 1045 1046 disserendum
1069 983 1129 1046 est.

8 1181 10 1262 f
122 1193 134 1234 ⁵
584 1168 721 1235 curun
744 1169 879 1238 nvnru.

156 1309 304 1376 Contra
336 1327 470 1374 eorum
505 1310 710 1394 dogmata,
744 1311 811 1394 qui
846 1314 998 1394 primos
1033 1313 1234 1390 homines,
1268 1313 1302 1378 si

154 1437 228 1483 non
270 1421 529 1500 peccassent,
567 1418 809 1483 inmortales
850 1418 1014 1484 futuros
1052 1419 1189 1484 fuisse
1227 1437 1301 1484 non

155 1524 341 1603 credunt,
384 1543 426 1588 ae
456 1524 673 1590 crnitetcm
716 1524 937 1590 animarum
979 1526 1126 1591 uolunt
1164 1545 1301 1591 carere

600 1631 856 1712 corporibus.

8 1829 10 1870 Ι
111 1798 137 1838 10
198 1769 290 1836 Nunc
319 1771 356 1836 de
384 1771 570 1853 corporibus
599 1771 771 1854 primorum
799 1772 963 1837 hominum
993 1773 1078 1855 quod
1101 1773 1301 1838 instituimus

156 1877 363 1958 explicemus3
397 1878 546 1960 quoniam
580 1897 636 1943 nec
668 1863 753 1943 mors
786 1877 859 1954 ista,
892 1898 972 1963 quae
1004 1880 1088 1944 bona
1119 1879 1303 1964 perhibetur

153 1983 246 2048 bonis
270 2003 326 2048 nec
350 1977 473 2050 tentum
497 1985 607 2066 paucis
631 1985 894 2070 intellegentibus
919 1986 988 2050 sinc
1013 1987 1226 2064 credentibus,
1246 1987 1303 2052 sed

155 2090 301 2156 omnibns
333 2093 409 2155 nota
441 2094 500 2168 est,
534 2111 597 2173 qua
624 2091 660 2156 fit
689 2091 810 2156 animae
838 2113 857 2156 a
885 2111 1014 2175 corpore
1042 2093 1212 2176 separatio,
1240 2113 1301 2176 qua

155 2200 239 2261 certe
276 2215 389 2281 corpus
428 2198 607 2280 animantis,
645 2199 730 2281 quod
768 2199 930 2264 euidenter
965 2199 1105 2275 uiuebet,
1139 2199 1303 2264 euidenter

111 2331 136 2369 rs
155 2303 317 2382 emoritur,
346 2305 391 2370 eis
420 2305 580 2385 potuisset
608 2305 760 2383 accidere,
788 2305 850 2370 nisi
871 2306 995 2389 peccati
1018 2307 1167 2370 meritum
1192 2325 1302 2388 seque-

155 2415 250 2476 retur.
292 2411 382 2476 licet
414 2412 496 2476 enim
524 2411 681 2478 iustorum
711 2432 746 2477 ac
774 2412 900 2494 piorum
928 2413 1049 2478 animae
1079 2413 1299 2478 defunctorum

152 2517 237 2600 quod
259 2519 290 2581 in
314 2519 422 2600 requie
445 2503 557 2584 uiuent
580 2519 725 2584 dubitare
749 2520 796 2586 fas
820 2538 881 2583 non
905 2518 958 2597 sit,
978 2539 1078 2602 usque
1098 2520 1175 2585 adeo
1194 2524 1299 2584 tamen

152 2624 197 2688 eis
221 2625 336 2688 melius
360 2628 446 2690 essct
469 2643 541 2690 cum
566 2626 633 2690 suis
658 2627 843 2709 corporibus
867 2627 946 2692 bena
970 2626 1152 2692 ualentibus
1176 2627 1297 2704 uiuere,

151 2733 189 2794 ut
211 2729 307 2794 etiam
329 2728 389 2809 illi,
415 2731 469 2814 qui
493 2731 579 2796 omni
609 2731 703 2796 modo
733 2751 803 2797 esse
832 2732 900 2796 sine
925 2751 1052 2813 corpore
1077 2731 1300 2797 beatissimum

106 2863 133 2904 ao
151 2837 341 2907 existimant,
374 2838 455 2902 hanc
488 2837 667 2920 opinionem
701 2857 790 2902 snam
820 2838 977 2903 sententie
1005 2841 1200 2922 repugnante
1228 2857 1300 2902 con-

150 2942 288 3008 uincent.
332 2943 444 3025 Neque
482 2945 564 3008 enim
602 2944 769 3026 quisquam
808 2944 938 3009 audebit
974 2944 1102 3009 illorum
1140 2943 1299 3026 sapientes

151 3049 307 3128 homines,
335 3050 403 3114 siue
432 3051 602 3115 morituros
627 3050 696 3116 siue
720 3051 783 3114 iem
806 3053 962 3129 mortuos,
985 3050 1019 3115 id
1043 3054 1092 3115 est
1115 3052 1173 3114 ant
1195 3047 1299 3114 ceren-

149 3159 199 3220 tes
228 3157 412 3238 corporibus
441 3159 496 3221 aut
524 3175 654 3240 corpore
680 3157 858 3234 relicturos,
887 3156 937 3220 die
965 3157 1186 3221 inmortalibus
1215 3157 1300 3219 ante·

149 3281 274 3344 ponere.
304 3262 419 3344 quibus
447 3263 535 3328 Deus
563 3283 707 3328 summus
738 3267 816 3346 aput
837 3263 1002 3328 Platonem
1031 3281 1148 3326 munus
1175 3261 1298 3346 ingens,

105 3395 130 3433 rs
149 3368 403 3434 indissolubilem
433 3369 558 3435 scilicet
584 3371 696 3447 uitam,
724 3370 758 3434 id
786 3373 835 3434 est
858 3373 1018 3434 aeternum
1044 3389 1117 3432 cum
1142 3367 1209 3432 suis
1234 3386 1300 3432 cor-

148 3473 279 3556 poribus
304 3476 509 3552 consortium,
533 3476 712 3559 pollicetnr.
737 3473 865 3560 Optime
890 3478 996 3539 autem
1020 3493 1093 3539 cum
1116 3472 1298 3538 bominibus

150 3581 201 3666 agi
229 3581 399 3646 arbitratur
425 3582 510 3646 idem
532 3582 634 3659 Plato,
659 3583 687 3646 si
714 3585 819 3646 tamen
847 3582 927 3646 hanc
951 3581 1051 3646 uitam
1075 3581 1127 3663 pie
1150 3579 1298 3661 iusteque

149 3688 336 3771 peregerint,
366 3692 403 3753 ut
432 3690 541 3754 esuis
566 3689 750 3772 corporibus
775 3687 912 3770 separati
935 3689 966 3752 in
988 3689 1132 3771 ipsorum
1157 3686 1298 3762 deorum,

149 3793 204 3876 qui
228 3813 286 3857 sua
309 3813 439 3876 corpora
463 3813 635 3876 numquam
660 3793 820 3872 deserunt,
843 3789 1038 3878 recipiantur
1060 3794 1177 3870 sinum,

237 4027 271 4081 27
290 4025 406 4080 Phaedr.
425 4044 451 4096 p.
473 4027 532 4089 108,
553 4027 595 4092 Ο.;
615 4026 731 4081 Phaedr.
750 4043 776 4096 p.
796 4027 858 4090 248,
879 4025 899 4081 (l

183 4185 200 4238 8
218 4190 249 4238 ut
268 4184 359 4238 editur
382 4184 419 4252 V,·
436 4185 625 4238 aetsmitetem
638 4227 644 4240 .
656 4227 661 4240 .
674 4227 679 4238 .
691 4184 848 4254 corporibus
867 4199 918 4237 om.
934 4199 1006 4252 pqc
1096 4183 1128 4237 15
1148 4181 1263 4236 moritur
1281 4181 1297 4235 b

147 4273 198 4342 eis]
219 4275 247 4326 et
264 4273 307 4326 his
328 4273 372 4327 ab
438 4274 470 4326 17
489 4273 568 4326 nibet
589 4272 625 4326 V¹
691 4272 927 4327 lubecensium
952 4272 978 4325 V
1039 4273 1074 4326 20
1093 4288 1140 4342 sup
1160 4271 1297 4342 sententie

146 4365 343 4433 repugnantem
358 4379 380 4430 p
452 4363 565 4416 uincent
583 4379 602 4416 a

174 4487 254 4527 XXXX
267 4486 328 4536 Ans.
342 4497 412 4538 opera
425 4487 500 4528 Scotto
515 4487 533 4528 V
548 4497 600 4536 pm
614 4489 632 4528 l.
1227 4467 1260 4520 41
