3072 4928
348 447 398 502 Dc
427 449 600 504 ciuitate
630 449 691 504 dei
719 449 784 504 lib.
812 450 863 507 111.
892 469 967 522 cup.
992 452 1017 509 6.
1039 453 1062 507 7.
1214 457 1276 520 115

123 641 319 708 adulterium
353 645 504 710 ciuitatis.
551 643 618 710 Nec
651 645 690 711 ad
723 661 862 724 causam,
897 665 992 729 quarn
1024 666 1106 712 nunc
1140 647 1276 730 agimus,

122 751 270 830 interest,
288 753 397 814 utrum
415 751 476 816 hoc
496 751 564 816 fleri
582 751 738 817 Romulus
757 752 889 818 iusserit
908 755 963 816 aut
981 751 1137 818 Romulus
1157 754 1277 830 iecerit,

123 857 213 940 quod
239 857 334 921 multi
363 857 548 941 inpudentia
575 861 701 942 negant,
730 859 826 923 multi
853 859 974 942 pudore
1002 859 1158 937 dubitant,
1182 861 1276 927 multi

123 963 235 1030 dolore
260 964 472 1030 dissimulant.
496 963 563 1029 Nec
586 983 643 1030 nos
666 965 775 1048 itaque
797 965 829 1029 iu
854 983 890 1030 ea
912 984 945 1029 re
969 965 1154 1052 diligentius
1174 967 1277 1051 requi·

89 1070 223 1135 erenda
251 1090 307 1154 per
332 1070 507 1135 multorum
536 1071 726 1154 scriptorum
750 1089 905 1154 perpensa
927 1071 1111 1137 testimonia
1135 1072 1276 1138 demore-

121 1196 212 1242 mur:
236 1176 366 1242 Romuli
388 1175 517 1242 iratrem
539 1178 644 1262 palam
664 1181 789 1243 constat
809 1179 960 1256 occisum,
980 1198 1040 1244 uon
1061 1179 1099 1244 ab
1118 1180 1276 1257 hostibus,
1319 1179 1323 1188 '

122 1305 186 1348 nou
212 1284 251 1349 ab
277 1285 399 1351 alienis.
425 1283 459 1350 Si
484 1287 539 1350 aut
556 1285 753 1366 perpetrauit
771 1287 827 1349 aut
843 1285 1014 1366 imperauit
1032 1285 1092 1349 hoc
1110 1284 1277 1364 Romulus,

122 1391 229 1474 magis
257 1391 328 1474 ipse
355 1391 418 1456 fuit
444 1391 657 1456 Romanorum
687 1409 781 1472 quam
809 1390 898 1455 Paris
927 1391 1131 1456 Troianorum
1166 1396 1276 1474 cantab

123 1518 207 1579 quur
230 1497 332 1582 igitur
350 1499 492 1564 Troianis
515 1499 594 1562 iram
618 1497 749 1562 deorum
771 1497 960 1580 prouocauit
982 1497 1036 1562 ille
1063 1498 1182 1563 alienae
1206 1518 1277 1564 con-

79 1621 102 1658 ιο
121 1605 211 1687 iugis
239 1607 359 1686 raptor,
385 1608 418 1670 et
445 1603 615 1668 eorundem
645 1603 775 1668 deorum
798 1604 931 1668 tutelam
954 1603 1105 1668 Romanis
1129 1605 1279 1670 inuitauit

121 1712 184 1776 iste
214 1711 266 1776 sui
294 1711 399 1774 fratris
429 1711 603 1776 extinctor?
643 1709 676 1774 st
705 1714 812 1774 autem
835 1709 914 1774 illud
940 1711 1046 1774 scelus
1071 1731 1089 1774 a
1111 1711 1196 1776 fecto
1220 1711 1276 1776 irn-

121 1819 276 1899 perioque
295 1817 424 1882 Romuli
444 1817 581 1883 alienum
602 1820 666 1882 est:
687 1817 835 1900 quoniam
856 1815 966 1880 debuit
984 1817 1094 1899 utique
1113 1818 1277 1896 uindicari,

121 1927 192 1987 tota
221 1923 283 1989 hoc
310 1924 368 1987 illa
395 1924 510 1989 ciuitas
538 1923 624 2002 fecit,
649 1923 734 2007 quod
760 1925 829 1988 tota
856 1923 1035 2000 contemsit,
1065 1926 1098 1987 et
1125 1943 1185 1988 uon
1213 1925 1276 1988 ianr

126 2030 269 2108 fratrem,
299 2031 355 2095 sed
382 2033 515 2113 patrem,
540 2029 625 2112 quod
652 2033 702 2094 est
729 2029 831 2113 peius,
855 2029 981 2094 oceidit.
1024 2030 1165 2113 Uterque
1193 2031 1275 2095 enim

83 2153 109 2194 ¹⁵
126 2137 190 2203 fuit
213 2136 369 2216 conditor,
388 2137 444 2202 ubi
467 2138 546 2201 alter
569 2138 687 2201 scelere
711 2136 836 2200 ablatus
860 2155 921 2200 non
945 2137 1120 2219 permissus
1141 2140 1278 2203 estesse

126 2247 288 2328 regnator.
325 2243 396 2308 Nou
421 2247 479 2322 est,
503 2245 541 2308 ut
564 2242 707 2319 arbitror,
732 2243 817 2326 quod
840 2242 963 2307 dicetur
987 2242 1062 2325 quid
1087 2245 1163 2308 mali
1186 2244 1279 2309 Troia

126 2351 291 2428 meruerit,
315 2352 352 2414 ut
383 2369 451 2414 eom
475 2349 507 2413 di
536 2349 723 2426 desererent,
749 2369 811 2432 quo
835 2353 945 2431 posset
968 2350 1120 2434 extingui,
1146 2351 1277 2434 etquid

126 2459 201 2522 boni
231 2457 342 2532 Roma,
370 2460 408 2521 ut
435 2475 504 2521 eam
533 2456 564 2520 di
591 2456 814 2535 inhabitarent,
839 2475 899 2538 quo
928 2459 1038 2540 posset
1065 2458 1187 2542 augeri;
1217 2457 1277 2522 uisi

127 2564 215 2648 quod
229 2564 311 2629 uicti
325 2563 398 2628 inde
417 2564 567 2649 fugerunt
586 2565 670 2628 etse
689 2563 727 2627 ad
746 2563 837 2642 istoS,
854 2581 933 2645 quos
952 2563 1070 2645 pariter
1089 2563 1277 2646 deciperent,

80 2688 109 2728 *ο
127 2671 347 2746 coutulerunt;
375 2671 473 2734 immo
502 2689 576 2735 uero
605 2673 637 2734 et
663 2669 730 2734 illic
758 2672 942 2734 manserunt
969 2670 1007 2734 ad
1032 2689 1086 2736 eos
1109 2689 1196 2736 more
1219 2690 1277 2736 suo

127 2777 345 2861 decipiendos,
363 2779 417 2859 qui
435 2795 545 2842 rursus
565 2777 691 2842 easdem
711 2779 809 2841 terras
828 2776 1016 2854 babitarent,
1032 2781 1064 2840 et
1082 2777 1133 2841 hio
1152 2777 1278 2842 easdem

126 2889 214 2950 artes
229 2883 373 2949 fallaciae
394 2903 470 2949 suae
489 2883 591 2968 magis
611 2884 707 2948 etiam
726 2883 895 2948 exercendo
914 2882 1086 2948 maioribus
1105 2882 1278 2948 honoribus

126 2991 258 3076 gloriati
282 2993 364 3056 sunt.

591 3149 727 3214 CAPUT
751 3149 821 3214 VII.

81 3311 108 3348 ²⁵
127 3293 183 3357 De
210 3293 425 3358 euersione
444 3291 528 3368 Ilii,
549 3291 652 3373 quod
677 3290 752 3354 dux
770 3289 888 3354 Marii
907 3290 1086 3354 Fimbria
1110 3288 1275 3354 excidit.

174 3433 267 3499 Certe
296 3433 380 3497 euim
409 3432 559 3497 ciuilibus
587 3432 649 3496 iam
678 3431 771 3497 bellis
800 3431 996 3496 scatentibus
1025 3431 1102 3514 quid
1125 3432 1277 3496 miserum

127 3539 334 3606 commiserat
354 3539 461 3618 ilium,
485 3542 522 3603 ut
545 3559 563 3603 e
585 3539 735 3616 Fimbria,
754 3538 967 3602 Marianarum
989 3537 1128 3620 partium
1152 3537 1278 3602 homine

126 3647 281 3730 pessimo,
316 3648 519 3724 caederetur,
552 3644 655 3710 multo
687 3645 824 3710 ferocius
857 3643 958 3727 adque
991 3645 1150 3708 crudelius
1184 3663 1277 3726 quam

128 3753 205 3820 olim
235 3772 253 3816 a
278 3751 430 3818 Graecis?
466 3751 547 3817 Nam
576 3755 652 3817 tune
680 3754 712 3816 et
739 3751 833 3815 multi
860 3751 932 3816 iude
955 3752 1107 3836 fugerunt
1129 3753 1162 3815 et
1184 3749 1277 3814 multi

83 3881 110 3922 so
128 3859 283 3943 captiueti
312 3860 425 3924 saltem
452 3859 484 3923 in
513 3859 668 3924 seruitute
696 3857 856 3936 nixeruut3
885 3877 977 3940 porro
1008 3861 1114 3922 autem
1137 3855 1277 3920 Fimbria

126 3967 217 4052 prius
255 3965 395 4032 edictum
432 3965 608 4049 proposuit,
641 3983 680 4031 ne
718 3966 769 4029 cui
808 3967 998 4049 parceretur,
1032 3962 1133 4045 adque
1167 3962 1276 4026 urbem

166 4157 236 4213 lad
254 4173 316 4226 step.
337 4155 433 4211 lino
494 4155 587 4212 2fieri
605 4171 664 4224 cup.
684 4156 733 4210 lin.
752 4155 779 4209 L
833 4154 996 4210 Rdubitaut
1014 4154 1094 4208 multi
1114 4151 1207 4206 dolore
1226 4168 1276 4206 om.

127 4275 163 4328 Δί
235 4271 362 4343 8eapud
385 4269 418 4324 C¹
492 4273 525 4326 14
543 4271 621 4341 peius
641 4273 716 4325 esto
789 4271 822 4324 17
846 4271 1007 4338 meruitque
1079 4269 1113 4324 28
1134 4235 1281 4324 ‘stertere'

126 4365 161 4418 29
181 4380 196 4416 a
215 4377 267 4416 om.
288 4365 312 4414 A
367 4361 403 4416 30
421 4358 623 4430 captiuitatiO
692 4359 783 4414 saltim
806 4357 856 4413 cc

1210 4461 1243 4516 ,a
