3094 4932
349 439 401 492 De
429 438 601 494 ciuitate
630 437 690 492 dei
717 437 783 492 lib.
810 437 832 494 Ι.
860 455 934 509 cap.
960 439 1002 493 15.
1022 439 1063 492 16.
1085 440 1125 493 17.
1280 442 1319 504 31

165 631 275 698 dinem
302 630 451 714 pertinet,
474 629 506 694 in
535 649 665 713 corpore
694 631 795 697 alieno
823 632 994 713 perpetrari
1024 635 1144 715 potest:
1169 633 1323 717 quidquid

164 737 232 804 tale
256 725 377 804 tectum
400 737 506 814 suerit,
527 737 587 802 etsi
610 740 764 802 retentam
789 738 1047 807 constantissimo
1072 742 1176 806 animo
1200 741 1324 825 pudici.

163 847 246 912 tiam
275 864 336 910 non
361 845 489 920 excutit,
513 847 618 908 tamen
642 843 797 928 pudorem
819 844 945 925 incutit,
969 866 1007 912 ne
1031 847 1178 914 credatur
1200 847 1320 914 iactum

165 971 243 1018 cnm
271 951 388 1016 mentis
417 951 512 1016 etiam
541 952 718 1029 uoluntate,
747 952 831 1034 qnod
860 952 926 1018 fieri
955 953 1089 1020 tortasse
1117 954 1184 1020 sine
1217 955 1320 1022 curnis

127 1066 141 1106 ⁵
165 1058 277 1140 aliqua
300 1057 466 1142 uoluptate
490 1077 550 1122 non
574 1059 690 1142 potuit.

616 1251 753 1318 CAPUT
776 1252 876 1316 XVII.

246 1393 299 1456 De
323 1396 449 1458 morte
474 1392 710 1458 noluntaria
734 1395 778 1460 ob
802 1398 949 1460 metum
974 1415 1124 1482 poenae
1149 1397 1239 1462 siue

633 1500 857 1567 dedecoris.

211 1641 259 1704 Ac
282 1659 338 1722 per
361 1639 421 1705 hoc
445 1645 477 1706 et
500 1661 580 1724 quae
601 1661 634 1706 se
655 1643 905 1716 occiderunt,ne
925 1643 1097 1727 quidquem
1117 1643 1319 1709 huiusmodi

115 1749 358 1828 repeterentur,
384 1748 455 1829 quie
483 1749 641 1813 humanus
665 1749 809 1815 adfectus
834 1751 879 1814 eis
908 1751 989 1814 nolit
1015 1751 1158 1834 ignosci?
1182 1754 1319 1833 atquae

164 1873 201 1917 se
226 1853 369 1918 occidere
392 1855 574 1930 noluerunt,
593 1874 631 1919 ne
656 1875 714 1920 sno
738 1856 877 1922 facinore
897 1856 1033 1921 alienum
1055 1857 1212 1941 flagitium
1232 1857 1318 1920 deui-

146 1963 281 2038 tarent,
296 1959 441 2042 quisquis
458 1955 527 2048 [eis]
543 1961 602 2026 boc
618 1962 741 2026 crimini
755 1961 886 2038 dederit,
902 1963 970 2044 ipse
987 1963 1102 2027 crimen
1118 1962 1317 2044 insipientiae

164 2085 229 2130 non
253 2067 389 2130 cauebit.
414 2065 493 2130 Nam
519 2067 629 2151 utique
654 2069 681 2132 si
705 2088 765 2133 non
789 2069 867 2134 licet
888 2069 1011 2152 priuata
1034 2071 1192 2152 potestate
1216 2069 1318 2134 honri·

164 2191 250 2236 uem.
263 2173 406 2238 cecidere
426 2175 478 2238 uel
497 2179 671 2248 nocentem,
688 2176 779 2239 cuius
800 2175 962 2240 occidendi
982 2176 1142 2240 licentiam
1161 2175 1210 2240 lex
1230 2175 1318 2241 nulle

118 2303 144 2342 re
164 2278 323 2354 concedit,
351 2279 492 2362 prolecto
521 2281 618 2346 etium
647 2282 701 2364 qni
729 2302 763 2348 ee
791 2282 897 2364 ipsum
926 2281 1043 2346 occidit
1069 2281 1228 2348 homicide
1256 2286 1315 2360 est,

164 2391 199 2450 et
220 2388 309 2451 tento
333 2385 370 2450 iit
392 2387 554 2450 nocentior
582 2405 653 2452 curn
678 2405 712 2452 se
736 2387 897 2464 occiderit,
922 2392 1039 2470 quiante
1067 2387 1261 2452 innocentior
1284 2389 1315 2453 in

165 2512 203 2556 aa
218 2512 313 2556 cause
332 2493 402 2570 fuit,
419 2512 481 2575 qua
500 2513 533 2557 se
551 2493 757 2558 occidendum
777 2495 912 2576 putauit.
935 2493 1017 2558 Nam
1038 2493 1064 2558 si
1081 2493 1178 2558 Iudae
1197 2496 1316 2558 facturn

164 2599 280 2664 merito
313 2599 509 2664 detestemur
541 2619 675 2681 curruque
709 2601 826 2664 ueritas
859 2599 990 2676 iudicat,
1024 2619 1111 2688 curu¹
1134 2619 1168 2666 se
1204 2601 1317 2683 laqueo

165 2705 343 2788 suspendit,
377 2707 547 2770 sceleratae
579 2705 669 2770 illius
702 2706 882 2771 traditionis
917 2707 1040 2772 unxisse
1074 2707 1182 2790 potius
1221 2727 1314 2790 quern

119 2837 146 2876 ro
165 2812 309 2894 expiasse
337 2813 555 2890 commissum,
579 2813 727 2894 quoniam
756 2813 815 2876 Dei
844 2812 1091 2877 misericordiam
1121 2813 1315 2896 desperando

165 2918 369 2984 exitiabiliter
395 2919 557 3002 paenitens
581 2919 705 2983 nullum
729 2919 791 2984 sibi
815 2920 951 2984 salubris
976 2919 1186 3002 paenitentiae
1208 2920 1315 2984 locum

164 3026 308 3108 reliquit:
335 3029 451 3109 quanto
475 3027 577 3110 magis
602 3045 620 3089 a
644 3045 702 3091 suu
725 3045 801 3090 nece
826 3047 860 3091 se
884 3027 1043 3091 abstinere
1063 3027 1165 3104 debet,
1186 3027 1315 3109 quitali

164 3132 324 3214 supplicio
353 3131 495 3215 qnod·in
525 3151 558 3196 ee
587 3133 699 3214 puniet
725 3133 917 3198 nonhabet.
955 3132 1050 3198 Iudas
1076 3133 1158 3196 enim
1183 3153 1255 3197 curu
1280 3153 1314 3197 se

164 3238 292 3317 occidit,
308 3241 496 3304 sceleratum
511 3239 671 3304 bominem
687 3239 812 3316 occidit,
829 3243 976 3304 ettamen
994 3259 1053 3303 non
1069 3241 1173 3304 solum
1185 3239 1314 3316 Christi,

119 3371 144 3411 25
163 3364 278 3408 uerum
307 3345 402 3410 etiarn
431 3365 507 3410 snae
535 3346 646 3410 mortis
674 3365 746 3410 reus
775 3345 880 3410 finiuit
903 3347 982 3410 hauc
1006 3346 1117 3424 uitam,
1143 3346 1217 3428 quic
1239 3345 1316 3409 licet

257 3634 289 3686 17
308 3631 358 3689 Mt..
377 3633 420 3696 27,
440 3635 456 3687 5

2 3797 52 3878 0.
201 3805 214 3858 1
236 3811 302 3874 poet
323 3808 442 3875 pertinet
466 3809 495 3862 in
518 3809 576 3862 cod.
602 3809 618 3862 d
641 3810 700 3862 sine
723 3809 781 3863 ullo
806 3809 925 3864 lacunae
946 3809 1024 3878 eiquo
1048 3815 1201 3876 sequuntur
1226 3808 1313 3862 uerbo

1 3891 28 3914 ”
162 3893 284 3948 indeab
303 3895 446 3964 probamus
460 3897 593 3951 neminem
610 3901 666 3951 cett
677 3916 704 3966 p.
723 3899 802 3961 47,5
847 3897 1142 3967 3pndoremtamcno
1190 3883 1312 3962 eicon

165 3985 196 4038 11
219 3983 374 4038 coniurent
392 3985 462 4038 nm
519 3987 552 4040 re
572 3987 610 4040 eu
629 4003 680 4040 om.
696 3987 755 4040 nn
828 3987 928 4040 eumen
949 4029 975 4040 ..
997 3986 1106 4040 ceuceu
1124 3985 1183 4040 nu
1197 3971 1312 4054 o'upu

162 4073 280 4139 Domb.,·
298 4073 396 4128 crimen
408 4116 413 4126 .
426 4117 431 4127 .
443 4074 546 4128 carebit
565 4073 593 4128 b²
603 4074 631 4128 lc¹
641 4079 675 4141 ,ἢ
695 4075 806 4128 crimine
819 4119 824 4131 .
837 4119 842 4128 .
855 4075 974 4131 ,carebit
993 4093 1011 4127 u
1022 4093 1035 4128 e
1045 4091 1061 4142 q
1071 4073 1124 4129 t²v
1194 4077 1227 4128 15
1248 4091 1310 4128 eon·

162 4163 233 4216 cidit
250 4162 285 4214 Α1
377 4164 409 4218 16
430 4164 790 4220 enm...innocentiorom.
811 4165 833 4216 e¹
929 4165 960 4218 17
978 4165 1077 4232 quiue
1174 4163 1197 4216 si
1217 4166 1311 4218 carad

161 4254 193 4308 21
218 4251 394 4305 exitiabiliter
411 4269 445 4306 m.
466 4253 534 4308 2c'u
552 4253 753 4323 inexpiabiliter
771 4269 849 4318 com,
868 4253 885 4306 b
968 4255 1001 4306 22
1021 4252 1151 4322 relinquit
1170 4251 1210 4318 L,·
1228 4251 1308 4304 relin-

160 4339 274 4410 quida
346 4357 412 4395 aar.
433 4347 447 4394 1
467 4357 526 4410 saep.
546 4343 595 4396 lin.
614 4342 640 4396 L
712 4359 740 4396 se
760 4359 810 4396 om.
832 4361 849 4394 α
903 4344 937 4398 23
956 4343 1069 4412 suplicio
1089 4341 1139 4396 LA
1213 4339 1311 4408 quide
