3136 4934
354 453 404 505 De
434 451 609 505 ciuitate
637 449 699 502 dei
726 449 789 504 lib.
819 448 908 504 VIIII.
937 465 1012 518 cap.
1042 451 1082 504 13.
1225 453 1291 514 427

146 647 326 714 temeritate
349 645 471 728 regitur
497 643 647 716 mundus,
677 661 850 726 numquam
882 647 969 709 asset
997 645 1132 709 istorum
1166 647 1294 710 aeterna

145 755 285 831 miseria,
310 753 372 817 nisi
396 753 482 815 esset
503 770 619 834 magna
641 750 774 814 malitia.

191 860 225 926 si
249 860 350 944 igitur
372 857 457 922 beati
479 860 564 921 recte
589 856 738 921 dicuntur
760 856 981 933 eudaemones,
1006 877 1066 922 non
1087 860 1162 922 sunt
1180 857 1293 922 eudae-

146 985 256 1031 mones
283 965 461 1039 daemoneS,
486 982 567 1046 quos
591 962 672 1027 inter
695 962 838 1027 homines
863 967 895 1027 et
926 963 1001 1028 deos
1034 964 1090 1028 isti
1122 965 1153 1028 in
1187 964 1293 1028 medio

115 1074 339 1138 clocauerunt.
387 1069 465 1150 Quis
503 1089 577 1154 argo
616 1073 666 1134 est
697 1071 788 1134 locus
820 1071 974 1135 bonorum
1007 1071 1205 1148 daemonum,
1239 1071 1293 1152 qui

147 1197 244 1262 supra
271 1178 427 1254 homines,
460 1177 541 1241 infra
574 1176 649 1241 daos
683 1177 755 1241 istis
789 1177 960 1260 praebeant
992 1177 1197 1254 adiutorium,
1228 1177 1294 1241 illis

146 1285 382 1350 ministerium?
415 1283 449 1349 Si
472 1283 556 1348 enim
579 1283 654 1349 boni
678 1283 857 1365 aeternique
881 1287 965 1362 sunt,
988 1285 1130 1368 prolecto
1154 1288 1186 1348 et
1209 1284 1295 1348 beati

147 1395 233 1456 sunt.
279 1391 415 1456 Aeterna
439 1393 544 1454 autem
569 1389 733 1454 beatitudo
767 1389 888 1456 medios
921 1409 975 1455 sos
1009 1409 1080 1456 esse
1112 1411 1173 1456 non
1207 1390 1293 1467 sinit,

147 1497 222 1581 quia
252 1497 392 1562 multum
426 1516 498 1562 cum
535 1495 584 1560 dis
623 1499 772 1578 conparat
807 1498 1008 1579 multumque
1042 1499 1080 1563 ab
1112 1496 1295 1561 hominibus

103 1631 129 1670 ro
148 1609 284 1687 separet.
326 1603 417 1669 Unde
439 1604 557 1668 frustra
579 1603 635 1668 isti
668 1603 865 1668 conabuntur
897 1603 1071 1682 ostendere,
1105 1623 1166 1686 quo
1199 1603 1294 1667 modo

148 1712 317 1774 daemones
341 1709 425 1790 boni,
450 1709 478 1774 si
508 1711 539 1773 et
566 1709 749 1775 inmortales
781 1713 857 1774 sunt
890 1713 922 1774 et
953 1711 1049 1788 beati,
1080 1715 1166 1774 recte
1198 1708 1296 1774 medii

147 1807 382 1881 constituantur
404 1816 486 1880 inter
509 1815 584 1880 deos
608 1815 792 1880 inmortales
817 1835 852 1880 ac
871 1817 981 1881 beatos
1001 1821 1033 1880 et
1051 1817 1195 1881 homines
1214 1833 1295 1880 mor-

146 1925 229 1987 tales
254 1941 290 1987 ao
314 1923 459 1986 miseros.
484 1921 565 1987 Cum
589 1921 670 1986 enirn
696 1927 867 2004 utrumque
896 1923 1033 1988 habeant
1065 1943 1137 1987 cum
1170 1923 1230 1999 dis,
1265 1926 1297 1986 et

146 2030 378 2094 beatitudinem
409 2029 534 2093 scilieet
562 2031 593 2093 et
625 2029 896 2108 inmortalitatem,
929 2030 1008 2095 nihil
1042 2033 1148 2094 autem
1182 2031 1294 2094 horum

105 2165 129 2204 a
148 2157 221 2202 cum
246 2135 428 2201 bominibus
448 2139 481 2200 et
499 2136 623 2200 miseris
639 2139 671 2200 et
689 2137 892 2202 mortalibus:
912 2156 974 2219 quo
993 2137 1087 2202 modo
1107 2157 1168 2201 non
1187 2137 1294 2220 potius

146 2243 263 2309 remoti
286 2245 361 2307 sunt
384 2243 422 2306 ab
445 2243 629 2307 hominibus
653 2242 766 2324 disque
786 2244 956 2320 coniuncti,
977 2263 1071 2326 quam
1091 2244 1173 2307 inter
1192 2247 1294 2307 utros-

149 2369 209 2432 que
235 2349 332 2414 medii
358 2349 547 2414 constituti?
572 2350 660 2413 Tunc
683 2349 766 2413 eninr
789 2349 886 2414 medii
910 2355 1027 2428 essent,
1048 2350 1075 2414 si
1094 2350 1246 2414 haberent
1265 2351 1296 2412 et

147 2457 210 2541 ipsi
235 2457 298 2521 duo
324 2455 475 2538 quaedam
502 2475 570 2533 sua,
594 2475 654 2520 non
679 2474 751 2521 curn
774 2456 858 2521 binis
883 2456 1117 2533 alterutrorum,
1143 2455 1197 2520 sed
1223 2474 1295 2519 cum

149 2563 285 2648 singulis
310 2565 517 2644 utrorumque
541 2563 734 2638 eommunia;
760 2563 844 2626 sicut
867 2563 960 2628 homo
985 2563 1124 2626 medium
1145 2561 1296 2645 quiddam

105 2701 130 2739 so
149 2675 209 2747 cst,
234 2669 290 2733 sed
312 2670 395 2733 inter
417 2687 530 2752 pecora
554 2671 586 2732 at
609 2669 750 2752 angelos,
783 2672 827 2745 ut,
860 2668 934 2751 quia
964 2688 1061 2752 pecus
1096 2672 1146 2734 est
1179 2668 1296 2732 animal

147 2776 336 2840 inrationale
361 2775 462 2858 adque
485 2775 629 2852 mortale,
656 2776 788 2859 angelus
813 2778 919 2840 autem
942 2775 1093 2840 rationale
1122 2778 1154 2840 et
1180 2776 1295 2839 inmor-

148 2882 221 2958 tale,
246 2882 372 2948 medius
391 2881 486 2946 homo
507 2885 567 2958 est,
587 2881 642 2945 sed
661 2881 789 2946 inferior
808 2882 940 2966 angelis,
961 2881 1104 2964 superior
1116 2881 1295 2964 pecoribus,

149 2990 268 3053 habens
298 3008 370 3054 eum
399 2988 567 3071 pecoribus
600 2988 837 3064 mortalitatem,
870 2990 1024 3054 rationem
1058 3007 1129 3052 cum
1163 2987 1294 3072 angelis,

149 3097 266 3160 animal
289 3095 441 3160 rationale
465 3095 607 3160 mortale.
650 3095 700 3158 lta
733 3114 806 3179 ergo
840 3114 911 3160 cum
946 3095 1126 3177 quaerimus
1155 3093 1295 3157 medium

106 3233 130 3272 aa
148 3204 232 3268 inter
266 3203 378 3267 beatos
410 3202 594 3266 inmortales
626 3202 825 3284 miserosque
863 3202 1024 3280 mortales,
1063 3202 1123 3266 hoc
1154 3201 1295 3264 inuenire

149 3310 314 3386 debemus,
347 3309 431 3392 quod
465 3313 521 3373 aut
552 3307 684 3373 mortale
719 3309 762 3374 sit
793 3310 933 3388 beatum,
967 3313 1023 3373 ant
1054 3307 1219 3372 inmortale
1253 3307 1298 3370 sit

149 3435 312 3480 miserum.

187 3567 198 3616 l
219 3563 398 3634 temeriltate,
417 3579 431 3617 e
450 3579 529 3627 eras,
551 3562 574 3616 0
627 3565 643 3616 3
661 3562 690 3615 bi
710 3561 863 3627 daemones,
879 3562 907 3615 lri
918 3579 953 3616 m.
969 3567 988 3616 2
1002 3563 1089 3615 masis
1103 3577 1136 3614 au
1151 3559 1298 3624 liderla&

149 3671 202 3706 non
223 3655 289 3706 aunt
307 3651 367 3705 eud¹
387 3651 532 3705 daemones
551 3668 602 3708 om.
624 3649 647 3704 0
665 3651 710 3717 (in
721 3650 782 3720 fine
796 3651 933 3721 popinae)
994 3651 1012 3704 4
1031 3649 1176 3704 daemones
1195 3665 1245 3703 om.
1266 3647 1296 3699 a¹

150 3741 245 3810 decept,
264 3742 296 3793 in
313 3740 437 3810 maraine
453 3741 593 3809 superiore
606 3757 640 3795 m.
656 3742 710 3810 2l:
729 3747 756 3793 et
775 3745 866 3794 cetera
884 3739 1063 3793 eudaemones
1081 3745 1098 3792 ir
1117 3741 1181 3791 sunt
1199 3735 1296 3790 eudae-

150 3847 243 3884 mones
263 3830 407 3884 daemones
427 3847 492 3900 qnos
511 3832 583 3884 inter
600 3831 723 3883 homines
743 3833 770 3882 et
790 3830 863 3892 deos,
885 3828 908 3882 0
979 3831 1007 3882 et
1024 3830 1084 3881 ine
1161 3827 1188 3880 in
1207 3824 1295 3879 medio

150 3936 230 3974 om.s
285 3919 377 3989 5qui]
397 3919 447 3972 eil
501 3921 662 3973 latomo
715 3919 876 3986 Scaeuam.
896 3917 985 3971 lico
1055 3933 1109 3969 non
1128 3915 1194 3968 eluit
1213 3914 1297 3968 esset

150 4010 255 4062 9cum
280 4006 322 4060 dis
348 4007 383 4074 0,·
407 4025 466 4062 cum
489 4025 540 4062 om.
563 4009 657 4062 reltc
748 4009 779 4061 ll
810 4007 843 4075 si]
871 4008 1094 4073 sintm.2eap.
1115 4005 1163 4058 lin.
1184 4003 1297 4068 l,·sice

149 4101 223 4152 reete
243 4113 294 4151 om.
316 4113 334 4149 α
408 4097 440 4151 18
459 4097 570 4151 boniac
650 4097 839 4151 alterutruml
911 4095 1178 4162 sed..utrorumque
1197 4108 1248 4146 om.
1269 4089 1297 4144 b¹

152 4188 184 4240 19
204 4187 380 4254 utrumquel
447 4186 479 4238 21
502 4185 783 4254 adque...rationale
802 4187 833 4238 in
850 4200 969 4253 marma
1040 4181 1180 4236 rationalis
1200 4184 1229 4234 et
1246 4181 1296 4232 irn-

151 4273 275 4328 mortalis
303 4291 317 4327 e
406 4275 441 4328 22
470 4276 513 4326 est
534 4273 581 4326 sed
603 4289 635 4342 p;
664 4277 737 4326 esset
763 4273 897 4337 Catium
925 4288 983 4326 esse
1002 4288 1028 4338 a,
1056 4275 1098 4324 est
1121 4268 1175 4324 aad
1197 4267 1295 4324 Domlr.

149 4363 184 4416 24
203 4361 343 4432 querimur
363 4361 395 4415 0¹
451 4363 484 4414 25
504 4361 562 4414 mis.
583 4361 711 4414 mortales
730 4377 780 4414 om.
801 4361 832 4413 la
