3164 4932
398 443 449 498 De
478 444 650 498 ciuitate
679 442 741 498 dei
769 445 832 499 lib.
855 444 930 500 Xlll.
959 463 1033 516 cap.
1057 447 1100 502 21.
1255 451 1321 526 645

170 637 317 722 paradiso
336 639 492 720 sapientia
509 640 580 718 Dei,
601 641 639 706 de
663 659 725 723 qna
748 641 902 725 scriplum
927 646 990 706 est:
1014 642 1184 726 Lignum
1207 642 1320 707 uitae

171 747 235 808 est
257 745 607 827 amplectentibus
634 766 727 812 eam.

620 939 758 1006 CAPUT
780 941 865 1006 XXI.

168 1077 223 1143 De
251 1081 452 1161 paradiso,
481 1082 519 1145 in
548 1101 623 1164 quo
653 1083 774 1166 primi
802 1083 985 1148 homines
1009 1083 1186 1162 luerunt,
1211 1083 1316 1166 quod

122 1212 135 1252 s
167 1196 278 1251 recte
313 1207 381 1270 per
416 1188 771 1272 significationem
804 1189 893 1254 eius
928 1189 1122 1270 spiritale
1156 1188 1315 1272 aliquid

166 1291 452 1377 intellegatur,
474 1296 590 1359 salua
608 1295 792 1360 ueritate
812 1295 1064 1360 narrationis
1084 1294 1314 1361 historicae

542 1401 584 1466 de
609 1402 817 1484 corporali
840 1403 938 1468 loco.

211 1541 301 1606 Unde
328 1543 470 1608 nonnulli
498 1547 603 1609 totum
626 1545 731 1626 ipsum
756 1543 948 1626 paradisum,
974 1543 1027 1608 ubi
1050 1543 1143 1626 primi
1168 1543 1313 1608 homines

165 1652 309 1729 parentes
347 1651 470 1734 generis
507 1651 636 1732 hnmani
674 1653 800 1716 sanetae
838 1651 1013 1732 scripturae
1045 1650 1179 1715 ueritate
1211 1649 1313 1714 fuisse

121 1741 339 1834 renarrantem,
367 1757 407 1820 ad
434 1757 658 1842 intellegibilia
684 1758 826 1822 referunt
852 1758 1041 1840 arboresque
1069 1757 1141 1821 illas
1167 1759 1199 1821 et
1225 1756 1314 1840 ligna

161 1861 324 1927 fructifera
354 1863 386 1926 in
418 1864 555 1929 uirtutes
588 1865 673 1929 uitae
705 1881 872 1946 moresque
906 1866 1109 1936 conuertunt;
1146 1867 1310 1944 tamquam

162 1968 304 2033 risibilia
341 1973 373 2034 et
409 1961 582 2052 corporalia
619 1971 676 2036 illa
707 1989 768 2035 non
802 1971 929 2048 inerint,
963 1969 1018 2033 sed
1050 1969 1311 2052 intellegibilium

162 2075 439 2159 significandorum
467 2095 563 2142 eausa
591 2096 627 2142 eo
656 2077 749 2141 modo
774 2077 858 2142 dieta
880 2079 934 2141 nel
957 2077 1076 2158 scripta
1098 2077 1172 2140 sint.
1211 2075 1310 2155 Quasi

120 2184 122 2193 '
161 2185 327 2264 propterea
353 2201 413 2246 nen
442 2184 582 2266 potuerit
609 2203 680 2248 esse
707 2184 873 2266 paradisus
897 2183 1080 2265 corporalis,
1106 2183 1181 2264 quia
1202 2184 1311 2263 potest

118 2313 143 2352 rs
163 2285 258 2352 etiam
296 2289 449 2371 spiritalis
486 2289 642 2374 intellegi;
681 2294 844 2372 tamquam
880 2288 951 2354 ideo
985 2309 1045 2354 non
1077 2289 1196 2352 fuerint
1227 2290 1308 2353 dnae

161 2393 321 2472 mulieres,
345 2396 431 2480 Agar
453 2399 486 2460 et
509 2395 609 2476 Sarra,
633 2398 666 2462 et
689 2416 724 2461 ex
748 2397 794 2461 eis
818 2395 880 2461 duo
903 2394 963 2461 filii
985 2395 1138 2474 Abrabae,
1162 2414 1244 2460 unus
1269 2395 1308 2460 de

161 2501 285 2578 ancilla,
313 2502 395 2567 alius
424 2502 461 2567 de
488 2504 598 2571 libera.
628 2503 702 2586 quia
729 2503 791 2568 duo
819 2505 1012 2568 testamenta
1037 2501 1069 2565 in
1098 2502 1144 2566 eis
1172 2501 1309 2584 figurata

160 2606 239 2671 dicit
270 2609 448 2691 apostolum
482 2613 538 2674 aut
568 2611 639 2675 ideo
673 2611 711 2676 de
740 2610 828 2675 nulla
854 2613 944 2692 petra
971 2609 1082 2692 Moyse
1109 2607 1307 2690 percutiente

160 2733 242 2796 aqua
270 2715 443 2795 defluxerit,
473 2717 546 2798 quia
573 2717 681 2798 potest
706 2715 774 2780 illic
797 2715 934 2800 figurata
956 2713 1186 2798 significatione
1210 2713 1306 2777 etiam

112 2841 140 2886 ee
161 2818 306 2885 Christus
343 2821 496 2907 intellegi,
530 2823 640 2888 eodem
672 2821 817 2905 apostolo
851 2821 988 2886 dicente:
1020 2820 1141 2885 Petra
1173 2822 1306 2884 antem

158 2930 244 2992 erat
268 2926 467 2994 Christus.
494 2928 595 2993 Nemo
619 2929 726 3012 itaque
750 2928 896 3012 prohibet
918 2927 1100 3012 intellegere
1122 2924 1305 3009 paradisum

156 3033 257 3098 uitam
281 3035 458 3114 beatorum,
477 3039 628 3119 quattuor
650 3037 720 3100 eius
743 3035 874 3100 flumina
897 3037 1047 3117 quattuor
1065 3033 1213 3110 uirtutes,
1232 3051 1304 3116 pru-

156 3138 307 3218 dentiam,
331 3143 559 3218 lertitudinem,
582 3143 824 3224 temperantiam
848 3141 949 3225 adque
971 3140 1139 3216 iustitiam,
1164 3143 1196 3203 et
1217 3138 1305 3224 ligna

156 3247 226 3311 eius
250 3267 358 3313 omnes
382 3249 478 3314 utiles
505 3249 700 3332 disciplinas,
728 3251 761 3314 et
781 3249 939 3333 lignomm
962 3249 1087 3312 fructus
1110 3265 1214 3311 mores
1237 3246 1303 3330 pie-

109 3376 137 3418 sa
154 3373 237 3432 rum,
257 3357 289 3419 et
305 3355 429 3440 lignum
453 3357 537 3421 uitae
560 3359 663 3439 ipsam
686 3356 840 3423 benorum
864 3356 1005 3420 omnium
1028 3358 1162 3418 matrem
1180 3353 1303 3435 sapien·

154 3461 244 3540 tiam,
269 3465 300 3526 et
331 3461 452 3546 lignum
486 3463 638 3529 scientiae
670 3463 744 3528 boni
776 3465 809 3526 et
840 3463 916 3527 mali
943 3461 1134 3546 transgressi
1162 3459 1303 3525 mandati

154 3567 413 3649 experimentum.
450 3569 587 3634 Poenam
617 3569 697 3634 enim
726 3570 946 3652 peecatoribus
973 3568 1051 3632 bene
1079 3569 1302 3657 ubiquaque

153 3673 237 3738 niam
260 3675 355 3754 iuste,
376 3677 544 3742 constituit
561 3677 660 3753 Deus,
680 3676 816 3740 sednon
837 3695 895 3740 auo
915 3675 997 3742 bono
1018 3677 1174 3760 experitur
1193 3675 1300 3742 homo.

243 3920 274 3972 17
290 3917 349 3973 Gal.
363 3920 388 3984 4,
403 3920 438 3973 22
452 3935 511 3989 sqq.
568 3919 601 3973 18
615 3919 700 3973 Exed.
717 3920 758 3984 17,
772 3921 801 3984 6;
817 3919 898 3974 Num.
911 3920 954 3988 20,
971 3921 1002 3974 ll
1058 3920 1094 3974 20
1110 3923 1133 3976 1.
1149 3919 1209 3976 Cor.
1226 3919 1298 3984 10,4

186 4079 204 4131 4
225 4094 281 4147 sqq.
299 4083 331 4132 ut
349 4078 441 4133 editur
464 4078 500 4146 V‚·
524 4079 631 4134 lucrant
649 4097 674 4150 q.
694 4097 714 4133 r.
740 4080 826 4148 possit
849 4078 1048 4148 significatione
1073 4079 1131 4132 eiua
1155 4080 1297 4150 spirituale

149 4166 255 4236 aliquid
272 4168 397 4238 intellegi
412 4185 485 4238 pqa
541 4171 574 4224 16
592 4169 714 4224 mulieris
738 4165 773 4222 V¹
847 4169 913 4224 Sara
932 4186 976 4224 aa
1049 4185 1079 4222 ex
1099 4169 1137 4223 eis
1161 4168 1297 4236 Valet,-

149 4273 181 4310 cx
200 4255 243 4310 hia
257 4273 293 4325 rb·
316 4273 348 4312 ex
366 4258 421 4312 illis
441 4275 483 4312 av
574 4259 606 4313 ll
627 4261 655 4312 et
674 4257 743 4312 alius
762 4255 793 4324 b,·
812 4262 839 4312 et
858 4275 927 4311 nnus
947 4275 965 4311 a
1073 4259 1152 4328 figur.
1171 4259 1199 4312 iu
1219 4259 1258 4312 cia
1278 4277 1297 4312 a

148 4345 182 4398 21
203 4345 328 4416 intellegi
348 4365 367 4401 a
420 4347 455 4400 28
474 4346 546 4401 bono
566 4363 649 4402 suec
