3108 4926
361 449 411 502 De
440 448 612 502 ciuitate
642 446 702 501 dei
727 445 793 502 lib.
817 445 879 500 VII.
908 462 981 516 cap.
1006 446 1049 502 35.
1215 446 1278 510 351

562 639 698 706 CAPUT
722 639 852 704 XXXV.

135 786 186 850 De
211 784 505 868 hydromantia,
530 802 598 866 per
621 801 736 864 qnam
758 781 883 846 Numa
907 781 1013 847 uisis
1033 783 1278 866 quibusdam

284 891 516 956 daemonum
541 889 792 974 imaginibus
815 889 1125 956 ludificabatur.

176 1035 257 1100 Nam
287 1038 319 1100 ct
346 1035 414 1116 ipse
438 1033 554 1110 Numa,
579 1032 618 1096 ad
647 1051 740 1116 quem
768 1032 876 1096 nullus
901 1031 960 1096 Dei
982 1033 1146 1116 propheta,
1171 1035 1280 1100 nullus

103 1147 262 1207 rsanctus
299 1140 429 1226 angelus
467 1139 662 1215 mittebatur,
695 1137 935 1222 hydromantian
973 1139 1073 1204 iacere
1107 1143 1280 1224 conpulsus

134 1253 191 1328 est,
214 1251 253 1312 ut
274 1247 305 1312 iu
335 1266 417 1329 aqua
444 1245 566 1310 uideret
591 1244 747 1329 imagines
776 1245 906 1310 deorum
934 1245 986 1309 uel
1009 1246 1115 1328 potins
1138 1247 1278 1314 ludifica-

133 1355 235 1419 tiones
260 1354 461 1432 daemonum,
481 1373 497 1416 a
521 1351 638 1435 quibus
662 1352 795 1430 audiret,
815 1351 891 1433 quid
914 1352 945 1415 in
971 1353 1068 1416 sacris
1089 1355 1280 1420 const'tuerc

133 1461 234 1542 adque
259 1461 425 1525 obseruare
450 1441 586 1524 deberet.
612 1455 704 1538 Quod
729 1477 828 1541 genus
853 1459 1057 1524 diuinationis
1080 1460 1165 1525 idern
1183 1461 1280 1527 Varro

133 1587 150 1630 a
169 1566 276 1631 Persis
295 1565 373 1631 dicit
392 1565 543 1640 adlatum,
564 1583 626 1646 quo
651 1567 683 1629 et
700 1564 806 1648 ipsum
826 1565 964 1630 Numam
985 1569 1017 1630 et
1034 1571 1147 1652 postea
1166 1567 1281 1652 Pytha·

91 1697 116 1736 ro
133 1693 241 1758 goram
272 1673 499 1757 philosophum
531 1691 627 1736 usum
658 1671 758 1736 fuisse
787 1676 1026 1750 commemorat;
1055 1674 1112 1738 ubi
1139 1674 1280 1740 adhibito

133 1781 286 1864 sanguine
324 1779 420 1844 etiam
455 1779 573 1842 inferos
610 1777 756 1860 perhibet
789 1779 944 1844 sciscitari
977 1783 1010 1844 et
1040 1785 1281 1864 raauropuraetur

133 1886 252 1954 Graece
277 1886 354 1950 dicit
376 1885 495 1960 uocari,
515 1903 595 1966 qnae
616 1879 697 1970 [siue
721 1882 951 1973 hydromantia]
977 1886 1046 1950 siue
1070 1887 1281 1952 necromantia

132 1993 268 2070 dicatur,
292 1992 324 2056 id
352 1992 458 2074 ipsum
488 1993 547 2069 cst,
571 1990 627 2054 ubi
654 1990 804 2056 uidentur
827 1992 943 2056 mortui
967 1991 1118 2058 diuinare.
1156 1993 1281 2074 Quibus

132 2101 210 2165 haec
238 2099 360 2164 artibus
388 2098 475 2176 fient,
499 2096 562 2180 ipsi
590 2097 738 2162 uiderint.
776 2097 858 2162 Nolo
883 2097 965 2163 enim
989 2099 1092 2164 dicere
1115 2102 1172 2165 has
1197 2105 1280 2166 artes

90 2226 115 2268 ra
133 2207 230 2272 etiem
264 2211 336 2270 ante
370 2205 468 2269 nostri
504 2202 678 2268 Saluatoris
712 2203 883 2268 aduentum
916 2204 948 2267 iu
980 2205 1060 2289 ipsis
1094 2206 1280 2273 ciuitatibus

132 2313 278 2397 gentium
291 2311 418 2393 legibus
435 2311 536 2376 solere
551 2309 710 2393 prohiberi
725 2313 758 2374 et
775 2329 876 2393 poena
895 2311 1098 2377 seuerissima
1116 2313 1281 2380 uindicari.

130 2419 226 2498 Nolo,
250 2419 390 2501 inquam,
415 2418 475 2482 hoo
505 2417 620 2488 dicere;
650 2416 795 2481 fortassis
826 2417 909 2481 enim
933 2419 1010 2483 talia
1032 2423 1108 2486 tuuc
1130 2421 1279 2486 licebant.

129 2527 190 2590 His
214 2528 321 2590 tamen
345 2524 466 2588 artibus
491 2523 604 2588 didicit
626 2541 715 2588 sacra
738 2523 793 2587 illa
811 2522 1000 2607 Pompilius,
1020 2545 1152 2607 quorum
1179 2546 1281 2594 sacro-

129 2652 201 2696 rum
234 2631 320 2695 sacta
350 2629 501 2712 prodidit,
530 2648 642 2694 causas
677 2630 782 2695 obruit
810 2629 867 2712 (ita
899 2631 1008 2694 timuit
1040 2635 1072 2696 et
1099 2633 1167 2716 ipse
1196 2635 1280 2716 quod

90 2761 115 2802 ao
133 2735 270 2822 didicit),
300 2755 433 2819 quarum
466 2754 631 2800 causarum
664 2735 806 2818 proditos
838 2735 936 2800 libros
970 2740 1097 2802 senatus
1130 2737 1281 2805 incendit.

133 2842 218 2924 Quid
249 2842 329 2907 mihi
362 2862 436 2927 crgo
466 2842 563 2906 Varro
595 2842 722 2906 illorum
758 2861 917 2907 saoromm
951 2843 1028 2908 alias
1061 2846 1167 2910 nescio
1202 2866 1280 2928 quas

133 2969 246 3016 causas
270 2951 362 3014 uelut
384 2948 532 3033 physicas
551 2948 795 3031 interpretatur?
819 2950 929 3030 quales
949 2949 976 3013 si
995 2949 1068 3014 libri
1087 2951 1135 3014 illi
1154 2951 1280 3016 habuis-

132 3061 213 3132 sent,
237 3076 298 3120 non
323 3055 434 3137 utique
459 3055 620 3130 arsissent,
646 3058 701 3119 aut
724 3059 756 3118 et
777 3055 858 3120 istos
877 3054 1025 3121 Varronis
1050 3056 1088 3122 ad
1114 3057 1281 3123 Caesarem

131 3163 315 3246 pontificem
353 3163 489 3244 scriptos
524 3161 625 3244 adque
658 3161 761 3226 editos
793 3166 899 3244 patres
934 3163 1102 3246 conscripti
1136 3164 1283 3230 similiter

91 3293 115 3332 a
132 3270 354 3335 incendissent.
385 3266 478 3347 Quod
501 3287 575 3351 ergo
601 3287 713 3349 aquam
739 3268 902 3351 egesserit,
928 3267 960 3332 id
985 3273 1035 3334 est
1059 3273 1280 3354 exportauorit,

131 3377 238 3441 Numa
260 3375 450 3459 Pompilius,
478 3374 561 3438 uude
589 3373 829 3457 hydromantian
856 3374 984 3454 faceret,
1012 3376 1082 3441 ideo
1112 3379 1280 3462 nympham

167 3579 182 3630 2
201 3575 305 3646 ydrom.
328 3579 357 3636 C,
377 3580 402 3630 et
419 3575 459 3628 sio
478 3574 495 3628 l.
518 3577 543 3630 5.
563 3576 604 3627 26
625 3571 747 3628 dacer
822 3575 838 3628 6
858 3573 1014 3629 uiderente
1092 3578 1106 3630 7
1127 3577 1282 3632 andierate

133 3667 222 3734 liqna
243 3663 278 3729 0;
297 3663 402 3732 quode
472 3663 651 3733 phytagoram
673 3661 714 3716 de
779 3663 812 3717 10
831 3662 935 3716 adibito
957 3663 995 3718 dl
1051 3665 1082 3718 11
1103 3665 1280 3734 ljcilcitari,i

133 3752 247 3818 eraa.,G
304 3749 513 3806 raaoronurrar'ur
528 3749 654 3818 Domb.²;
671 3753 876 3821 necyomantisn
893 3753 922 3818 b,·
941 3752 1161 3822 nequiomantiau
1176 3755 1196 3806 d
1205 3755 1279 3824 lpq,·

135 3841 380 3912 necquiomantium
400 3838 457 3906 arn
481 3837 685 3908 aelromanlian,
705 3855 721 3902 a
739 3857 772 3895 m.
792 3855 842 3896 rec.
861 3841 893 3894 ta
910 3857 978 3904 raa,
992 3847 1058 3909 post
1081 3858 1094 3894 e
1115 3857 1224 3896 musam
1242 3850 1281 3897 eat

135 3945 156 3992 c,
178 3932 221 3984 ita
244 3935 277 3982 ut
301 3944 415 3982 neerom.
440 3945 474 3983 m.
493 3931 508 3980 1
530 3928 661 3997 comptum
684 3929 771 3995 fuisse
792 3929 932 3994 uideatur,
959 3929 992 3992 C;
1021 3929 1221 3984 nichromantia
1249 3949 1283 3998 α,-

136 4016 361 4086 nilcroruuntiam,
382 4031 396 4069 e
417 4015 452 4082 (i)
472 4031 560 4079 masc,
581 4021 606 4069 et
623 4017 663 4069 sic
682 4017 699 4072 l.
714 4019 750 4069 12
768 4034 795 4084 e‚·
814 4017 1012 4088 νεκρομαντείαν
1031 4034 1046 4071 u
1103 4019 1135 4073 12
1154 4020 1211 4072 siue
1232 4021 1280 4090 hy-

135 4105 286 4161 dromantia
314 4123 365 4159 om.
395 4104 639 4173 Cdelpqolrf;
672 4106 729 4158 siue
762 4105 961 4160 nichronruntia
993 4106 1037 4160 uel
1063 4107 1235 4174 ydromautia
1263 4128 1281 4163 a

134 4231 319 4324 nycromantis
337 4230 368 4296 b;
385 4229 584 4284 nichromantiae
601 4245 646 4298 pp
701 4228 941 4282 adiutricum
1002 4231 1036 4286 26
1053 4207 1126 4296 ideo,
1145 4233 1176 4286 in
1195 4251 1281 4304 marp.

135 4352 161 4406 in
180 4353 239 4418 deo,
259 4371 273 4409 e
