3164 4932
245 437 309 501 648
596 433 622 486 S.
651 431 806 486 Aurelii
831 431 1049 501 Augustini

243 627 468 690 torrefactum
493 625 553 702 est,
577 644 637 689 non
662 624 768 706 ipsum
793 624 866 700 erit3
892 623 949 689 sed
972 624 1047 707 quia
1071 621 1151 690 dono
1176 625 1307 690 caelesti
1330 625 1394 688 iam

243 733 306 797 tale
339 732 409 809 erit,
444 735 481 796 ut
513 729 609 796 etiam
643 731 729 796 caelo
757 729 923 798 incolendo
951 750 1012 796 non
1043 731 1161 796 amissa
1187 735 1310 806 natura,
1339 729 1397 796 sed

244 841 368 904 mutata
405 837 556 920 qualitate
594 837 771 904 conueniat.
813 838 940 902 Primus
974 840 1079 902 autem
1113 837 1280 903 uomodo
1312 841 1399 902 terra

243 950 387 1010 terrenus
425 945 456 1009 in
489 945 625 1009 animam
659 945 824 1009 uiuentem
857 944 961 1009 iactus
995 948 1054 1023 est,
1087 963 1148 1008 non
1180 943 1212 1008 in
1245 945 1396 1028 spiritum

243 1051 471 1130 uiuificantem,
504 1051 589 1134 quod
617 1050 645 1115 ei
673 1054 748 1134 post
776 1049 993 1115 oboedientiae
1020 1049 1169 1114 meritum
1198 1051 1396 1116 seruabatur.
1431 1073 1447 1112 a

243 1159 319 1224 Ideo
344 1177 457 1241 corpus
482 1157 561 1236 eius,
586 1157 670 1240 quod
695 1157 765 1222 cibo
790 1175 826 1221 ac
850 1159 928 1238 potu
956 1157 1143 1241 agebatne
1171 1157 1254 1221 fame
1283 1157 1397 1223 adfice·

243 1267 331 1329 retur
353 1282 390 1328 ac
415 1261 479 1342 siti,
504 1266 536 1328 et
558 1281 619 1328 non
654 1262 881 1328 inmortalitate
908 1262 965 1327 illa
992 1261 1139 1328 absoluta
1167 1262 1270 1346 adque
1297 1263 1396 1330 indis·

244 1369 384 1448 solubili,
419 1369 475 1434 sed
511 1369 598 1453 ligno
631 1369 718 1433 uitae
751 1389 769 1434 a
801 1369 913 1435 mortis
946 1368 1137 1434 necessitate
1168 1369 1399 1451 prohibebatur

245 1477 347 1560 adque
370 1477 402 1540 in
426 1475 605 1541 iuuentutis
628 1475 704 1540 flore
727 1475 905 1554 tenebatur,
929 1495 988 1540 non
1010 1473 1163 1560 spiritale,
1184 1475 1242 1540 sed
1260 1476 1398 1541 animale

244 1583 344 1662 fuisse
371 1602 432 1648 nou
461 1581 592 1646 dubium
616 1587 675 1658 est,
698 1600 899 1664 nequaquam
924 1585 1028 1646 tamen
1053 1582 1255 1658 moriturum,
1278 1581 1342 1646 nisi
1364 1583 1397 1646 iu
1420 1605 1449 1646 rc

245 1690 304 1756 Dei
332 1689 543 1772 praedicentis
568 1689 780 1772 minantisque
804 1689 995 1755 sententiam
1019 1687 1230 1771 delinquendo
1255 1689 1398 1754 conruis·

246 1798 296 1861 set
323 1800 354 1862 et
382 1795 540 1861 alimentis
569 1795 696 1879 quidem
725 1797 821 1860 etiam
848 1800 935 1860 ertra
961 1795 1144 1879 paradisum
1172 1813 1233 1860 non
1258 1793 1396 1880 negatis,

245 1903 363 1987 aligno
382 1907 488 1968 tamen
508 1903 594 1968 uitae
612 1902 791 1985 prohibitus
810 1902 947 1967 traditus
965 1905 1053 1967 esset
1069 1901 1205 1984 tempori
1222 1902 1398 1967 uetustati·

246 2027 306 2091 que
338 2009 505 2088 finiendus,
539 2009 570 2074 in
603 2028 639 2074 ea
672 2008 835 2074 dumtaxat
867 2009 944 2086 uita,
979 2027 1073 2091 quam
1101 2009 1133 2072 in
1161 2027 1291 2091 corpore
1318 2008 1398 2073 licet

246 2115 383 2192 animali,
412 2114 510 2180 donec
539 2115 682 2200 spiritale
710 2115 928 2181 oboedientiae
956 2115 1068 2180 men'to
1096 2115 1196 2193 fieret,
1223 2117 1337 2198 posset
1362 2115 1396 2180 in
1419 2139 1449 2180 ro

245 2221 390 2304 paradiso
413 2222 474 2286 nisi
497 2223 663 2305 peccasset
685 2220 800 2286 habere
823 2225 1019 2305 perpetuam.
1047 2218 1245 2304 Quapropter
1267 2221 1397 2286 etiamsi

246 2331 379 2392 mortem
403 2328 498 2392 istam
521 2327 733 2406 manifestam,
759 2347 820 2411 qua
842 2328 879 2392 fit
897 2328 1020 2393 animae
1040 2347 1058 2392 a
1076 2346 1205 2411 corpore
1225 2327 1395 2412 separatio,

245 2434 467 2518 intellegamus
506 2435 602 2499 simul
639 2434 849 2520 significatam
886 2434 917 2500 in
951 2454 989 2499 eo
1022 2434 1107 2516 quod
1139 2435 1226 2500 Deus
1259 2420 1395 2499 dixerat:

247 2538 330 2620 Qua
354 2540 418 2604 die
442 2538 616 2605 ederitis
641 2559 683 2604 er
706 2540 793 2619 illo,
815 2544 943 2606 morte
967 2539 1213 2606 moriemini:
1237 2560 1301 2606 non
1323 2541 1395 2605 ideo

247 2645 341 2712 debet
372 2646 543 2711 absurdum
577 2647 688 2728 uideri,
722 2647 797 2730 quia
827 2666 890 2713 non
918 2666 954 2714 ao
982 2666 1112 2731 prorsus
1141 2646 1191 2711 die
1219 2667 1236 2712 a
1265 2666 1447 2730 corporeae

247 2756 322 2817 sunt
345 2753 451 2836 soluti,
477 2769 539 2836 quc
564 2754 671 2818 cibum
695 2754 898 2820 interdictum
921 2753 1181 2836 mortiferumque
1200 2757 1395 2818 sumserunt.

246 2860 291 2923 Eo
320 2859 437 2942 quippe
465 2860 515 2925 die
543 2863 667 2926 mutata
701 2861 732 2924 iu
765 2860 905 2926 deterius
937 2861 1114 2943 uitiataque
1147 2863 1260 2925 natura
1292 2859 1395 2943 adque

247 2984 264 3028 a
291 2965 377 3048 ligno
403 2965 492 3030 uitae
520 2967 717 3049 separatione
744 2967 925 3032 iustissima
947 2967 1060 3033 mortis
1082 2968 1114 3032 in
1139 2965 1185 3031 eis
1208 2966 1303 3030 etiam
1329 2985 1396 3030 ccr-

246 3071 363 3155 poralis
400 3073 572 3137 necessitas
608 3073 694 3138 lacta
726 3077 785 3150 est,
819 3093 892 3138 cum
925 3093 987 3156 qua
1019 3091 1075 3138 nos
1107 3073 1297 3137 necessitate
1329 3072 1396 3137 nati

247 3197 368 3244 snmus.
391 3178 524 3262 Propter
547 3179 631 3261 quod
655 3181 819 3262 apostolus
844 3199 904 3245 nou
929 3179 987 3245 ait:
1012 3179 1133 3262 Corpus
1153 3178 1280 3261 quidem
1300 3180 1396 3243 mori-
1416 3205 1447 3244 es

246 3287 353 3349 turum
392 3287 442 3348 est
477 3291 605 3368 propter
636 3293 814 3368 peccatum,
857 3286 913 3350 sed
948 3287 1007 3351 ait:
1040 3283 1195 3369 Corpus
1232 3284 1395 3367 quidem

247 3394 448 3454 mortuum
487 3395 555 3456 est.
584 3397 751 3475 propter
787 3396 1010 3476 peccatum,
1049 3392 1226 3474 spiritus
1259 3397 1395 3456 autem

247 3496 335 3560 uita
354 3500 417 3561 est
435 3501 601 3581 propter
618 3499 837 3564 iustitiam.
863 3497 983 3564 Deinde
1002 3497 1178 3564 subiunxit:
1198 3497 1239 3563 Si
1259 3501 1394 3562 autern

249 3601 426 3684 spiritus
456 3603 555 3681 eiua,
585 3604 652 3687 qui
681 3605 910 3669 snscitauit
934 3603 1143 3669 Christum
1167 3623 1185 3667 a
1208 3604 1394 3679 mortuis,

337 3813 353 3864 3
374 3815 397 3865 1.
418 3811 478 3866 Cor.
500 3813 541 3876 15,
560 3814 595 3866 47
652 3814 684 3868 19
705 3811 771 3866 Gen.
792 3813 817 3872 2,
838 3814 870 3866 17
926 3814 960 3867 26
978 3813 1055 3866 Rom.
1076 3811 1100 3876 8,
1121 3812 1152 3865 11

283 3972 382 4040 apost
400 3971 448 4026 Vc
459 3971 469 4025 1
473 3989 524 4040 pu
534 3981 568 4040 ῃ
586 3988 634 4041 per
649 3973 718 4026 aba
773 3973 789 4026 9
809 3927 1111 4042 florelre⁶trlnebaturl
1166 3971 1199 4026 10
1219 3929 1397 4041 dutbilrmusl

249 4059 280 4112 11
302 4059 447 4114 corruisset
465 4060 565 4130 delinq.
575 4077 597 4129 p
670 4060 834 4114 corruissent
852 4061 862 4116 l
918 4059 950 4113 13
969 4059 1146 4129 prohibethas
1159 4057 1276 4122 traditas
1290 4065 1364 4114 esset
1378 4061 1396 4115 b

247 4144 365 4199 traditus
388 4145 489 4202 onaV
594 4151 623 4202 et
645 4148 761 4217 tempori
784 4147 811 4200 V
900 4149 932 4202 17
961 4163 1030 4216 quae
1055 4146 1093 4214 V,·
1115 4147 1187 4216 qual,
1206 4147 1252 4201 ml
1275 4149 1397 4209 crased

247 4233 283 4288 20
308 4233 352 4288 die
370 4251 478 4304 prorsus
495 4235 596 4290 Dcmb.
670 4237 704 4290 25
727 4241 862 4289 mortuum
882 4235 892 4290 l
963 4237 998 4292 26
1025 4235 1177 4306 redasque
1195 4235 1235 4290 ad
1252 4241 1395 4305 peccatam

248 4324 330 4378 orml
401 4325 435 4377 28
455 4325 513 4378 uita
532 4327 585 4396 est]
605 4325 704 4380 uiuitl
794 4323 936 4394 subiungit
954 4341 984 4392 υς
1002 4324 1119 4379 subiecit
1137 4341 1157 4379 a
1232 4325 1267 4378 29
1288 4327 1314 4394 a]
1332 4326 1396 4379 erl
