3164 4932
403 452 450 504 lle
479 450 653 504 ciuitate
678 449 740 504 dei
763 450 827 505 lib.
852 450 927 506 XIII.
953 468 1028 521 cap.
1052 452 1096 506 24.
1253 456 1320 522 653

595 645 732 712 CAPUT
755 647 891 716 XXIIII.

171 789 361 870 Qualiter
393 789 635 872 accipienda
667 789 724 854 sit
756 790 822 853 uel
854 788 930 854 illa
962 788 1204 854 insufflatio
1233 790 1319 868 Dei,

171 917 246 980 qua
272 896 429 978 primus
453 896 567 960 herne
591 895 730 960 faetus
754 896 880 960 estin
905 895 1074 960 enimam
1098 895 1319 974 uiuentem,

97 1023 99 1031 ’
170 1003 236 1068 uel
272 1003 359 1078 illa,
399 1021 512 1085 quarn
546 1000 741 1067 Dominus
780 1001 882 1066 iecit
919 1001 1059 1067 dicens
1097 1001 1318 1085 discipulis

110 1094 174 1170 'r‘
368 1110 472 1174 suis:
496 1109 683 1191 Accipite
708 1107 906 1191 Spiritum
932 1112 1125 1176 sanctum.

215 1249 304 1318 Unde
332 1254 365 1315 et
391 1250 471 1315 illud
499 1269 610 1332 parurn
636 1249 835 1316 considerate
855 1249 1046 1333 quibusdam
1070 1251 1178 1314 uisum
1203 1255 1263 1328 est,
1286 1250 1318 1314 in

170 1378 206 1423 ec
226 1355 311 1440 qued
329 1357 462 1440 legitur:
486 1356 716 1438 Inspirauit
735 1356 843 1422 Deus
867 1357 903 1420 iu
928 1355 1073 1421 faciem
1093 1357 1181 1422 eius
1201 1355 1320 1440 spiri-

170 1469 251 1528 tum
284 1463 406 1537 uitae,
435 1467 475 1527 et
501 1463 638 1528 iactus
667 1467 730 1528 est
763 1464 876 1530 home
909 1463 946 1528 in
981 1463 1150 1528 animam
1183 1464 1318 1530 uiuen-

170 1577 259 1648 tem,
284 1589 345 1634 nen
369 1574 444 1634 tunc
470 1569 605 1634 animam
628 1570 729 1652 prime
753 1569 875 1634 homiui
904 1569 1020 1646 datam,
1045 1570 1100 1634 sed
1129 1588 1208 1646 eam,
1237 1589 1318 1653 quae

126 1701 151 1741 ιο
168 1679 231 1742 iarn
255 1679 364 1752 Inerat,
390 1677 510 1758 Spiritu
535 1681 643 1744 sancto
667 1677 873 1742 uiuificetem.
902 1677 1013 1743 Mouet
1037 1677 1121 1741 euim
1144 1696 1210 1753 ecs,
1234 1677 1318 1759 quod

170 1785 325 1849 Dominus
348 1784 451 1860 Iesus,
475 1788 587 1865 postea
615 1802 708 1865 quarn
737 1783 906 1848 resurrexit
929 1802 948 1846 a
970 1783 1116 1860 mortuis,
1139 1783 1319 1848 insufflanit

170 1891 276 1956 dicens
297 1889 464 1972 discipulis
485 1890 567 1954 suis:
587 1889 776 1971 Accipite
792 1888 992 1970 Spiritum
1013 1893 1207 1956 sanctum.
1227 1890 1316 1956 Unde

169 1997 233 2065 tale
261 1995 383 2080 aliquid
410 1995 531 2060 iactum
559 1995 750 2071 existiment,
780 1995 872 2077 quale
901 1971 977 2059 tunc
1000 1995 1119 2060 iactum
1143 2000 1202 2072 est,
1226 1998 1317 2080 quasi

169 2103 276 2168 ethic
306 2106 436 2167 secutus
464 2102 663 2185 euangelista
691 2101 814 2168 dixerit:
844 2101 886 2165 ut
912 2102 990 2167 iacti
1018 2102 1151 2166 suntin
1180 2103 1316 2170 animam

125 2233 150 2274 1⁵
168 2210 342 2274 uiuentem.
381 2207 474 2288 Quod
497 2208 623 2290 quidem
649 2208 677 2272 si
701 2208 822 2274 dictum
846 2211 940 2286 esset,
964 2208 1025 2273 hcc
1048 2208 1317 2292 intellegeremus,

170 2315 257 2398 quod
292 2316 465 2380 animarum
504 2314 657 2398 quaedam
694 2315 762 2378 uita
799 2315 842 2379 sit
874 2313 1014 2397 Spiritus
1045 2315 1115 2392 Dei,
1149 2316 1215 2380 sine
1254 2335 1316 2398 quc

170 2422 291 2487 animae
323 2421 494 2488 rationales
522 2425 665 2486 mortuae
695 2421 891 2505 deputandae
921 2425 1005 2497 sunt,
1034 2423 1180 2504 quamuis
1209 2441 1315 2488 earum

168 2528 347 2612 praesentia
382 2528 492 2593 uiuere
530 2546 660 2610 corpora
697 2527 875 2592 uideantur.
919 2527 981 2592 Sed
1013 2546 1074 2593 non
1107 2529 1153 2592 ita
1184 2529 1315 2602 facturn,

169 2634 292 2717 quando
312 2639 362 2700 est
381 2635 527 2699 conditus
547 2634 652 2714 lromn,
669 2633 747 2698 satis
766 2635 836 2716 ipsa
853 2634 927 2698 libri
941 2634 1039 2698 uerba
1052 2637 1219 2710 testentur,
1236 2655 1316 2718 quae

123 2767 150 2808 so
167 2743 214 2807 ite
238 2761 271 2806 se
294 2741 426 2806 hebent:
456 2741 503 2804 ut
530 2739 726 2805 formauit
748 2741 854 2805 Deus
879 2741 1079 2806 hominem
1101 2742 1314 2823 puluerem

169 2849 214 2912 de
250 2851 369 2912 terra.
408 2846 500 2927 Quod
537 2847 665 2929 quidum
703 2847 829 2928 planius
862 2847 1129 2930 interpretandum
1166 2850 1316 2931 putentes

169 2954 327 3020 dixerunt:
355 2954 404 3018 ut
435 2953 561 3018 finxit
588 2953 695 3018 Deus
729 2955 929 3019 hominem
963 2954 1007 3018 de
1039 2955 1135 3020 limo
1168 2959 1314 3032 terrae,

169 3059 319 3141 queniam
339 3060 485 3140 superius
505 3059 626 3125 dietum
645 3061 762 3126 fuerat:
780 3061 885 3127 Fons
910 3063 1042 3126 autern
1067 3060 1316 3126 ascendebat

169 3166 213 3230 de
242 3169 353 3234 terra
381 3171 420 3230 et
446 3167 658 3251 inrigabat
684 3186 834 3232 emnem
863 3168 1009 3232 faciem
1039 3171 1189 3242 terrae;
1219 3169 1255 3230 ut
1279 3185 1316 3230 er

123 3298 149 3340 sc
168 3271 229 3335 hoc
265 3270 362 3335 limus
399 3271 630 3356 intellegendus
668 3274 838 3351 uideretur,
875 3293 985 3338 umore
1018 3274 1142 3339 scilicet
1172 3276 1314 3355 terraque

168 3380 344 3441 concretus.
383 3376 446 3442 Ubi
475 3379 557 3442 enim
585 3380 646 3444 hoc
675 3380 795 3444 dictum
824 3382 883 3458 est,
913 3379 1061 3445 contiuuo
1086 3379 1241 3463 sequitur:
1267 3379 1316 3443 Et

168 3482 365 3547 formauit
392 3482 501 3548 Deus
534 3485 732 3550 hominem
765 3485 976 3569 puluerem
1011 3487 1055 3550 de
1083 3489 1201 3563 terra,
1230 3485 1315 3550 sieut

169 3587 282 3654 Graeci
315 3589 440 3655 cedices
473 3590 598 3668 hebent,
632 3591 715 3656 uude
747 3593 779 3654 in
808 3592 952 3656 Latinam
984 3593 1124 3676 linguam
1158 3592 1316 3673 scriptura

257 3850 273 3903 7
293 3847 360 3903 Gen.
380 3851 405 3914 2,
426 3851 440 3904 t
498 3851 588 3904 1210.
609 3852 651 3914 20,
671 3852 705 3904 22
760 3852 794 3906 23
815 3849 881 3906 Gen.
901 3853 926 3914 2,
948 3853 975 3920 73
996 3853 1012 3905 6

203 4025 298 4092 2cqq.
321 4024 361 4078 sic
385 4023 410 4074 V
514 4023 673 4087 insufflatio,
698 4024 726 4078 iu
750 4041 804 4094 qua
822 4041 895 4094 pqr>
985 4025 1314 4096 3auimauiueutepq

165 4151 183 4200 4
212 4147 277 4228 disc.
297 4148 353 4200 suis
372 4163 424 4201 om.
439 4164 511 4217 ppv
602 4149 618 4201 6
645 4125 739 4218 parurn
759 4149 938 4214 coincideretc‚
958 4150 989 4203 ia
1007 4166 1092 4218 marp.
1111 4150 1314 4212 lnclideratc,e

166 4229 250 4333 9p¹rIr
275 4263 300 4314 V
377 4263 567 4334 primoresque
586 4265 780 4318 adinerets'n
797 4281 916 4334 meree
990 4267 1022 4320 13
1043 4266 1158 4320 eristim.
1177 4266 1314 4321 iacturae

166 4351 201 4406 20
219 4352 331 4421 puluere
351 4350 380 4405 b²
435 4354 470 4406 24
488 4353 614 4422 irrigabit
627 4371 649 4422 p
721 4354 891 4424 superficiem
910 4371 928 4406 α
