3072 4928
235 405 296 467 100
573 399 599 456 S.
627 398 787 454 Aurelii
814 399 1032 470 Augustini

231 597 262 662 in
292 597 446 672 moribus,
470 613 564 679 quam
594 595 739 662 inimicos
762 595 794 660 iu
820 595 1004 679 corporibus
1028 596 1182 680 perderet.
1220 597 1308 662 Haec
1331 598 1384 662 illi

232 703 264 768 di
291 721 365 767 uere
393 702 499 768 tristia
522 721 657 785 uereque
687 703 825 787 lugenda
856 722 918 769 non
942 703 1118 781 antiquos
1142 704 1295 789 auguriis,
1319 723 1383 770 non

233 809 422 892 cuiusquam
451 810 572 875 somnio
601 810 654 874 uel
678 809 830 874 uaticinio
853 810 1129 893 praenuntiabant.
1166 811 1272 894 Magis
1297 811 1383 876 enim

231 916 387 981 timebant
418 935 457 980 ne
490 916 700 1000 corrigeretur
733 936 826 998 quam
860 936 898 982 ne
930 916 1120 982 uinceretur.
1166 919 1269 984 Immo
1302 917 1383 984 satis

232 1023 379 1107 agebant,
407 1025 444 1086 ut
476 1022 579 1088 uictor
613 1022 733 1088 ciuium
767 1022 926 1106 gloriosus
958 1022 1066 1088 uictus
1099 1023 1200 1106 adque
1234 1025 1383 1108 captiuus
1420 1047 1436 1085 s

230 1128 376 1194 nefandis
407 1129 497 1194 uitiis
532 1132 564 1193 et
594 1148 650 1212 per
681 1130 760 1194 bace
792 1128 871 1211 ipsis
906 1129 1002 1194 etiam
1035 1129 1242 1196 daemonibus
1278 1133 1382 1198 multo

233 1236 417 1301 obstrictius
442 1235 640 1302 subderetur.

677 1428 813 1496 CAPUT
836 1429 936 1495 XXV.

235 1567 437 1649 Quantum
477 1569 648 1653 maligni
689 1567 866 1652 spiritus
905 1569 950 1633 ad
987 1569 1164 1655 flagitia
1204 1569 1382 1636 incitent

235 1677 431 1754 homines,
456 1695 542 1741 cum
573 1675 610 1740 in
650 1676 960 1740 committendis
999 1677 1226 1742 sceleribus
1265 1676 1381 1760 quasi
1404 1687 1433 1726 1⁰

237 1783 418 1848 diuinam
458 1782 631 1865 exempli
669 1782 732 1847 sui
773 1783 1043 1865 interponunt
1083 1783 1382 1849 auctoritatem.

277 1924 370 1989 lilino
398 1942 474 1988 uero
504 1922 575 2005 quis
603 1941 663 1987 non
692 1921 868 2006 intellegat,
898 1923 970 2005 quis
998 1943 1059 1988 non
1086 1923 1205 2002 uideat,
1235 1924 1299 1989 nisi
1328 1923 1382 2006 qui

234 2031 316 2096 tales
344 2029 420 2094 deos
445 2028 562 2093 imitari
586 2027 688 2113 magis
712 2028 810 2112 elegit
834 2048 928 2111 quam
953 2029 1061 2094 diuina
1083 2030 1185 2114 gratia
1208 2030 1248 2094 ab
1272 2050 1381 2095 comm

235 2137 387 2203 societate
420 2135 567 2218 separari,
600 2138 753 2217 quantum
785 2135 958 2232 moliantur
989 2135 1122 2220 maligni
1154 2136 1210 2200 isti
1249 2137 1380 2221 spiritus

235 2243 377 2326 exemplo
405 2262 462 2308 suo
490 2243 581 2308 uelut
604 2241 743 2308 diuinam
768 2242 990 2308 auctoritatem
1013 2243 1163 2325 praebere
1187 2243 1382 2308 sceleribus?
1400 2265 1430 2305 ιε
1530 2327 1531 2330 ¹

236 2351 320 2434 quod
357 2350 453 2415 ctiam
489 2349 521 2412 in
559 2347 693 2431 quadam
727 2347 915 2432 Campaniae
952 2349 1018 2414 lata
1053 2350 1194 2432 planitie,
1227 2350 1285 2416 ubi
1321 2371 1381 2416 non

236 2459 337 2523 multo
361 2459 434 2540 post
457 2455 568 2522 ciuiles
594 2456 676 2520 acies
700 2457 818 2521 nefario
843 2457 962 2540 proelio
983 2457 1199 2536 conflixerunt,
1219 2457 1282 2541 ipsi
1301 2457 1383 2522 inter

237 2583 271 2629 se
298 2563 386 2647 prius
410 2581 548 2646 pugnare
571 2561 635 2628 uisi
658 2567 744 2628 sunt.
783 2562 928 2644 Namque
951 2563 997 2627 ibi
1021 2563 1122 2628 auditi
1147 2568 1222 2630 sunt
1245 2565 1383 2648 primum

235 2670 380 2754 ingentes
413 2669 562 2752 fragores,
596 2687 731 2752 moxque
763 2669 858 2734 multi
891 2689 925 2734 se
957 2667 1078 2736 uidisse
1111 2671 1297 2736 nuntiarunt
1327 2689 1383 2753 per

237 2776 359 2858 aliquot
387 2775 454 2840 dies
483 2776 561 2840 duas
590 2776 674 2840 acies
701 2775 859 2859 proeliari.
903 2775 990 2856 Quae
1022 2796 1129 2861 pugna
1159 2777 1215 2842 ubi
1248 2778 1382 2856 destitit,
1400 2799 1431 2838 eo

237 2882 377 2966 uestigia
403 2901 529 2965 quoque
557 2882 648 2946 uelut
675 2883 841 2948 hominum
869 2886 902 2948 et
929 2903 1093 2966 equorum,
1118 2888 1234 2967 quanta
1262 2885 1300 2949 de
1328 2885 1383 2949 illa

239 2989 468 3054 conflictatione
498 2989 628 3072 exprimi
655 2992 812 3073 poterant,
836 2990 1035 3055 inuenerunt.
1073 2990 1108 3056 Si
1132 3009 1205 3076 ergo
1229 2991 1384 3056 ueraciter

237 3097 318 3161 inter
341 3115 374 3161 se
399 3096 528 3161 numina
551 3099 783 3180 pugnauerunt,
802 3097 864 3161 iam
884 3097 969 3161 bella
989 3097 1096 3162 ciuilia
1119 3101 1309 3163 excusantur
1327 3097 1383 3162 hu-

237 3221 343 3277 manm
368 3203 583 3267 consideretur
606 3206 710 3267 tamen
735 3221 814 3285 quae
839 3203 881 3268 sit
904 3203 1018 3268 talium
1042 3202 1172 3268 deorum
1190 3202 1243 3267 uel
1262 3202 1384 3268 malitia

238 3310 290 3373 uel
309 3309 451 3374 miseria:
471 3308 499 3374 si
516 3313 622 3374 autem
642 3327 674 3372 se
694 3327 853 3394 pugnasse
868 3309 1033 3388 finxerunt,
1049 3309 1124 3392 quid
1140 3309 1226 3374 aliud
1242 3310 1382 3393 egerunt,
1401 3331 1429 3371 ss

238 3415 300 3480 nisi
314 3416 351 3480 ut
366 3415 427 3480 sibi
441 3415 573 3481 Romani
587 3415 733 3481 bellando
754 3415 892 3481 ciuiliter
910 3419 1074 3499 tamquam
1093 3417 1222 3481 deorum
1242 3416 1382 3498 exemplo

275 3694 292 3748 3
311 3693 548 3764 praenuntiabant,
566 3694 597 3748 in
612 3711 714 3764 scarp:
733 3697 764 3748 ut
778 3694 984 3764 corrigerentur,
998 3695 1022 3748 A
1077 3699 1092 3749 5
1113 3694 1239 3765 agebant,
1254 3697 1285 3750 in
1299 3713 1382 3766 marp.

240 3781 277 3837 al.
297 3781 461 3852 gaudebant,
481 3788 505 3837 A
586 3787 617 3836 ut
634 3781 731 3836 cmO
808 3783 932 3854 captibus
951 3783 1009 3838 LA
1083 3785 1117 3839 10
1136 3801 1195 3838 cum
1213 3785 1242 3838 in
1261 3787 1383 3839 comnrit·

239 3871 328 3925 tendis
348 3887 404 3940 qc;
421 3871 449 3925 in
468 3887 519 3928 om.
533 3889 569 3940 pr
589 3887 751 3942 quamquam
770 3871 957 3926 mittendisG
1023 3873 1055 3926 12
1074 3873 1131 3926 illic
1152 3872 1185 3928 0¹
1191 3889 1213 3942 ρ
1285 3873 1386 3927 audeat

240 3961 278 4027 e¹;
302 3960 396 4014 audiat
414 3959 439 4014 e²
534 3961 566 4014 16
587 3959 716 4031 planitiae
735 3959 771 4013 L²
786 3959 834 4028 0¹5
851 3962 882 4015 ira
901 3977 986 4032 marg.
1005 3961 1042 4015 A:
1062 3961 1100 4016 dii
1119 3961 1190 4032 apud
1210 3961 1382 4032 Campaniam

240 4049 311 4103 inter
334 4065 520 4119 repugnasse
543 4051 688 4106 traduntur
713 4067 772 4104 curn
795 4053 899 4105 romani
924 4052 952 4104 in
977 4051 1068 4106 ciuilia
1089 4052 1162 4106 bella
1181 4055 1385 4121 prorumperent

240 4139 275 4192 20
294 4139 402 4207 aliquod
425 4137 456 4192 0¹
511 4139 546 4194 22
565 4139 734 4193 conflictione
753 4138 839 4208 Lriq
893 4141 926 4194 23
946 4143 1136 4210 pugnauerunt
1153 4156 1214 4194 mes.
1233 4157 1263 4208 υς
1279 4155 1384 4210 pugna-

240 4230 303 4280 runt
322 4227 420 4280 Domb.
500 4231 692 4282 excusenturc
765 4229 799 4282 24
819 4227 1034 4282 consideraretur
1052 4229 1122 4283 L¹n
1196 4229 1305 4282 deorum
1323 4245 1384 4297 sap.

241 4317 337 4371 liat*
