3164 4932
390 467 440 520 De
469 466 644 520 ciuitate
673 464 734 520 dei
762 467 827 520 lib.
856 466 932 521 XIII.
962 484 1037 538 cap.
1066 469 1110 523 20.
1259 472 1323 537 643

175 661 278 746 gionis
302 660 454 743 obsequio
479 660 697 728 subderentur.
724 661 809 743 Quid
831 662 887 741 ita,
910 662 973 728 nisi
997 662 1072 745 quia
1090 681 1154 742 eas,
1175 665 1323 748 quamuis

175 769 255 834 nulli
283 767 407 850 corpori
433 768 581 846 societas,
605 787 667 834 non
692 768 826 834 eredidit
848 769 914 834 iltis
939 788 1009 834 esse
1032 770 1202 836 meliores?
1241 769 1323 851 Qua-

173 877 312 960 propter,
346 874 374 940 si
405 895 467 954 non
500 875 662 941 audebunt
693 875 758 956 isti,
793 875 879 946 sicut
910 895 964 942 eos
998 894 1131 942 ausuros
1161 896 1231 942 esse
1260 896 1321 944 non

175 983 319 1059 arbitror,
348 980 397 1046 dis
424 981 619 1047 beatissimis
644 984 805 1048 ettamen
828 982 860 1047 in
884 983 1020 1062 aeternis
1044 983 1228 1066 corporibus
1251 1002 1322 1050 con-

143 1089 298 1154 sstitutis
326 1087 493 1154 humanas·
509 1089 629 1154 animas
658 1092 860 1171 anteponere:
890 1108 971 1171 quur
995 1089 1040 1153 eis
1064 1088 1192 1154 uidetur
1214 1089 1321 1156 absur-

174 1196 262 1274 dum,
291 1195 376 1279 quod
402 1195 481 1260 fidas
507 1195 687 1262 Christiana
712 1194 882 1278 praedicat,
908 1200 940 1260 et
967 1195 1086 1279 primos
1110 1195 1253 1261 homines
1275 1196 1322 1260 ita

139 1389 141 1392 .
173 1303 274 1368 fuisse
297 1301 454 1380 conditos,
477 1305 524 1378 ut,
548 1301 577 1366 si
599 1321 660 1366 non
683 1305 878 1384 peccassent,
902 1301 989 1367 nulla
1011 1307 1112 1368 morte
1132 1322 1151 1368 a
1169 1302 1236 1367 suis
1256 1321 1321 1368 cor-

54 1431 59 1441 ·
172 1409 302 1492 poribus
335 1410 544 1486 soluerentur,
572 1408 628 1473 sed
660 1427 715 1491 pro
743 1409 866 1474 meritis
894 1407 1112 1474 oboedientiae
1141 1409 1320 1474 custoditae

172 1516 401 1590 inmortalitate
429 1516 537 1581 donati
565 1533 638 1580 oum
667 1517 712 1582 eis
742 1516 887 1581 uiuerent
913 1515 944 1581 in
972 1517 1150 1590 aeternum3
1184 1518 1216 1578 et
1243 1515 1321 1580 talia

127 1643 155 1682 ro
173 1625 299 1689 sanctos
336 1622 367 1688 in
405 1622 634 1688 resurreetione
671 1621 835 1689 habituros
874 1641 911 1688 ea
941 1624 1021 1705 ipsa,
1054 1623 1087 1686 in
1119 1621 1234 1705 quibus
1267 1622 1319 1688 hic

171 1729 405 1807 laborausrunt,
425 1748 565 1812 corpora,
585 1733 622 1794 ut
644 1747 701 1794 nec
724 1747 833 1794 eorum
857 1728 942 1794 carni
965 1728 1086 1812 aliquid
1109 1730 1319 1813 oonuptionis

172 1839 225 1902 nol
252 1836 452 1903 difficultatis
479 1855 537 1900 neo
565 1855 674 1901 eorum
701 1835 892 1902 beatitudini
919 1835 1042 1918 aliquid
1068 1834 1185 1900 doloris
1215 1840 1247 1902 et
1273 1837 1319 1902 iu·

171 1943 334 2009 felicitatis
358 1944 462 2026 possit
486 1943 647 2009 accidere?

628 2135 764 2202 CAPUT
788 2136 857 2200 XX.

127 2277 286 2357 rsQuod
323 2297 414 2343 caro
452 2282 696 2354 sanctorum,
735 2297 834 2360 quae
871 2296 973 2342 nnnc
1011 2277 1242 2360 requiescit
1279 2277 1317 2342 in

171 2405 250 2468 spe,
278 2386 315 2450 in
346 2385 557 2450 meliorem
586 2384 812 2467 reparanda
840 2384 896 2450 sit
919 2385 1177 2466 qualitatem,
1203 2403 1318 2466 quam

285 2492 368 2558 fuit
390 2493 611 2575 primorum
635 2492 837 2556 hominum
861 2494 953 2556 ante
976 2493 1199 2573 peccatum.

213 2633 347 2699 Proinde
366 2653 449 2698 nune
468 2637 649 2698 sanctorum
666 2633 787 2697 animae
803 2633 1023 2698 defunctorum
1040 2631 1110 2696 ideo
1126 2652 1187 2696 non
1201 2631 1319 2697 habent

168 2761 296 2825 manem
325 2747 471 2818 mortem,
501 2757 563 2823 qua
591 2743 752 2824 separatae
782 2745 899 2804 sunta
927 2739 1111 2822 corporibus
1139 2739 1217 2816 suis,
1242 2738 1317 2820 quia

122 2869 151 2908 so
169 2867 240 2914 earo
260 2867 368 2912 eorum
387 2847 558 2930 requiescit
576 2847 608 2912 in
629 2865 695 2928 spe.
711 2847 871 2929 quaslibet
890 2847 956 2910 sine
976 2845 1042 2911 ulle
1056 2844 1119 2908 iam
1134 2863 1229 2909 sensu
1245 2863 1315 2909 con-

168 2955 316 3020 tumebas
336 2954 496 3040 accepisse
515 2953 671 3019 uideatur.
691 2951 721 3017 N
724 2971 763 3016 011
783 2953 876 3030 enim,
893 2953 978 3017 sicut
991 2950 1118 3016 Platoni
1132 2951 1239 3016 uisum
1256 2955 1315 3032 est,

167 3080 297 3146 corpora
316 3060 476 3126 obliuione
495 3059 683 3136 desiderant,
703 3059 760 3124 sed
778 3059 896 3142 potius,
918 3059 992 3140 quia
1010 3058 1220 3122 meminerunt
1239 3057 1315 3140 quid

167 3168 229 3232 sibi
253 3169 291 3232 ab
315 3187 352 3233 eo
376 3168 419 3232 sit
437 3167 640 3250 promissum,
661 3166 715 3248 qui
733 3165 889 3230 nenrinem
909 3165 1001 3242 fallit,
1022 3164 1076 3246 qui
1096 3163 1141 3229 eis
1161 3164 1256 3228 etiam
1275 3163 1314 3227 de

116 3268 119 3278 ⁴
167 3274 353 3358 capillorum
373 3293 502 3339 suorum
521 3273 703 3358 integritate
723 3273 926 3337 securitatem
941 3271 1038 3349 dedit,
1052 3269 1314 3335 resurrectionem

118 3400 145 3439 2⁵
165 3401 342 3464 corpomm,
358 3382 389 3445 in
411 3380 526 3464 quibus
545 3380 647 3444 mnnita
666 3379 744 3443 dura
761 3378 904 3462 perpessi
924 3377 1102 3454 suntnihil
1120 3377 1153 3441 in
1173 3376 1218 3440 eis
1233 3376 1314 3440 ulte-

161 3489 228 3552 rius
253 3489 316 3553 taIe
336 3487 460 3552 sensuri
479 3485 733 3552 desiderabiliter
751 3489 783 3550 et
800 3485 957 3569 patienter
976 3486 1149 3567 expectant.
1176 3481 1209 3548 si
1229 3483 1313 3546 enim

162 3613 287 3658 carnem
312 3609 402 3658 suam
425 3613 485 3658 non
506 3594 646 3668 oderant,
667 3593 791 3674 quando
816 3612 884 3657 eam
909 3611 985 3657 suae
1009 3591 1107 3656 menti
1131 3589 1312 3655 infirmitate

161 3701 363 3766 resistentem
388 3700 523 3782 spiritali
546 3701 614 3764 iure
638 3699 856 3776 consonabant,
881 3702 998 3782 quanto
1023 3697 1124 3781 magis
1148 3717 1217 3761 eam
1242 3696 1311 3760 dili-

163 3809 244 3891 gunt
262 3807 357 3871 ctiam
377 3806 478 3889 ipsam
500 3806 673 3888 spiritalem
688 3805 843 3871 futuram!
864 3805 954 3871 Sicut
974 3803 1056 3868 enim
1076 3803 1207 3887 spiritus
1227 3803 1311 3867 cami

252 4034 286 4086 23
305 4033 370 4086 nuc.
390 4032 432 4094 21,
454 4035 487 4086 rs
543 4033 578 4086 se
597 4031 666 4101 spa.
685 4033 710 4097 5,
730 4032 764 4085 aa

156 4233 159 4239 a
198 4193 351 4246 2societas
367 4193 386 4246 1¹
440 4192 472 4246 16
492 4190 612 4261 spemV
658 4192 690 4248 19
710 4191 771 4260 qun]
788 4190 877 4260 quiae
926 4189 961 4244 22
977 4205 1117 4259 corporum
1133 4187 1269 4242 obliuione
1285 4185 1311 4240 οἳ

158 4281 196 4342 ,23
225 4281 282 4334 aius
301 4281 464 4349 rescriptum
488 4279 512 4334 V
601 4282 636 4335 24
664 4297 771 4334 suornm
790 4296 842 4334 om.
863 4278 884 4334 1¹
974 4277 1008 4332 28
1036 4279 1181 4331 resistente
1207 4273 1309 4330 V²bei

160 4367 344 4423 cohercebant
368 4368 462 4423 Vbel
1017 4381 1022 4392 ·

1220 4473 1271 4525 41*
