3094 4932
227 428 292 491 ΗΠ
693 423 909 477 Praefatio.

228 624 261 684 et
290 618 531 700 insequentibus
564 617 663 696 annis,
693 636 765 682 cum
797 618 912 682 iterum
939 616 1117 698 iterumque
1145 616 1276 681 Parisiis
1304 637 1373 681 uer-

228 747 322 803 sarer,
354 726 534 804 retractam,
568 726 732 807 hucusque
764 724 954 789 lectionibus
989 723 1081 789 modo
1115 723 1263 807 cognitus
1295 728 1372 797 erat,

228 853 306 917 quas
334 833 502 898 Dtlbnerus
532 832 563 896 in
592 831 852 896 adnotationibus
881 831 1012 897 editioni
1039 830 1199 894 Parisinae
1229 849 1256 894 a.
1287 831 1372 895 1838

227 939 354 1004 adnexis
379 941 574 1014 mutauerat:
601 937 657 1002 sed
681 957 754 1002 oum
773 937 848 1003 Viro
873 938 965 1003 docto
989 957 1050 1002 non
1072 936 1183 1002 liceret
1200 937 1373 1020 Augustini

226 1046 325 1111 uerba
352 1046 391 1110 ad
418 1046 522 1127 ipsam
549 1045 703 1110 librorum
732 1045 826 1110 fidem
853 1065 1025 1121 recensere,
1049 1044 1146 1110 immo
1174 1042 1207 1107 id
1235 1043 1263 1108 ei
1287 1047 1373 1108 esset

226 1152 468 1236 praescriptum,
492 1154 541 1216 ‘ne
565 1152 738 1234 quidquam
762 1155 895 1217 nouaret
917 1152 948 1215 in
971 1155 1060 1216 textu
1082 1149 1371 1231 Benedictinorum,

226 1260 287 1324 nisi
315 1261 369 1324 uel
396 1259 513 1323 uitium
542 1258 719 1323 tollendum
749 1261 836 1324 esset
859 1261 1013 1341 apertum,
1037 1258 1090 1323 uel
1114 1257 1260 1341 grauium
1284 1257 1373 1323 testi-

226 1367 404 1432 moniorum
429 1385 601 1431 consensus
625 1366 748 1450 integer
771 1367 803 1429 et
826 1365 905 1429 nulli
928 1364 1118 1430 dubitationi
1141 1364 1293 1430 obnoxius
1317 1364 1371 1429 ali·

226 1472 303 1554 quid
331 1473 511 1555 expelleret,
536 1472 665 1537 adderet
691 1471 857 1537 iuberetue
888 1471 1024 1549 mutari',
1049 1490 1110 1534 non
1133 1471 1290 1554 integram
1314 1490 1371 1536 nec

227 1578 426 1645 Corbeiensis
460 1599 517 1644 nec
548 1579 744 1662 reliquorum
778 1579 922 1645 codicum
956 1577 1170 1643 Parisinornm
1201 1577 1371 1643 lectionem

226 1686 379 1763 exhibuit,
409 1685 464 1749 sed
492 1686 655 1768 grauiores
682 1685 776 1750 modo
806 1684 1032 1769 discrepantias
1059 1684 1203 1768 inprimis
1237 1703 1290 1748 eas
1323 1703 1371 1748 ex·

226 1791 365 1874 scripsit,
390 1811 470 1874 qnae
494 1792 627 1876 uulgato
651 1795 738 1856 textu
763 1793 902 1876 potiores
926 1792 1126 1856 uidebantur.
1154 1791 1207 1856 Sic
1229 1791 1297 1855 lieri
1319 1811 1371 1856 ne-

225 1899 331 1981 quiuit
362 1901 400 1963 ut
432 1901 553 1963 certum
585 1897 740 1963 iudicium
774 1902 806 1964 et
833 1898 871 1963 de
900 1897 1082 1964 corbeiensi
1110 1900 1143 1964 et
1170 1897 1208 1962 de
1240 1898 1370 1979 reliquis

223 2005 314 2069 libris
338 2005 491 2070 Parisinis
515 2005 657 2070 ferretur.

268 2111 392 2176 Eximio
423 2111 550 2193 quidem
584 2115 650 2176 arte
683 2111 821 2195 scriptus
855 2116 905 2177 est
933 2111 1142 2187 Corbeiensis,
1172 2111 1228 2175 sed
1259 2130 1371 2193 parum

224 2221 309 2282 necte
333 2217 501 2282 Dubnerus
531 2237 601 2283 eum
626 2225 763 2284 ‘summa
786 2237 861 2284 cura
883 2219 1048 2300 scriptum'
1070 2237 1141 2282 esse
1164 2216 1369 2300 praedicauit.

223 2326 325 2390 Immo
349 2325 468 2389 librarii
492 2325 692 2408 neglegentia
716 2329 748 2390 et
770 2325 898 2390 inscitia
920 2325 1039 2389 lactum
1064 2328 1114 2388 est
1135 2326 1173 2388 nt
1194 2323 1226 2388 in
1246 2343 1370 2406 quaque

223 2431 288 2495 fere
316 2431 432 2515 pagina
459 2435 491 2496 et
517 2431 655 2496 leniores
684 2434 716 2496 et
743 2432 906 2515 grauiores
934 2430 1064 2495 mendae
1088 2429 1369 2512 deprehendantur.

224 2537 268 2602 Ut
282 2555 397 2622 genera
412 2537 597 2602 mendorum
613 2537 764 2621 exemplis
782 2538 956 2602 illustrem:
973 2536 1159 2602 creberrime
1174 2539 1371 2617 permutatae

224 2647 300 2708 sunt
326 2645 451 2710 litterae
479 2646 492 2706 7
520 2647 553 2709 et
575 2665 605 2709 e:
639 2646 751 2721 6,137
792 2641 914 2722 Ulceris
950 2645 1063 2720 6,14:
1096 2661 1199 2721 arces:
1234 2643 1368 2718 23,177

223 2750 353 2830 77777777,
387 2751 440 2828 26,
466 2753 501 2815 27
533 2751 692 2834 morderes:
727 2752 780 2828 27,
810 2751 844 2816 9:
876 2754 994 2832 pectes:
1028 2749 1163 2828 42,157
1195 2753 1368 2831 castaneas:

223 2859 276 2933 47,
303 2859 337 2921 77
361 2857 499 2936 7777777777,
525 2859 577 2935 50,
603 2859 638 2922 8:
663 2864 849 2942 7777777777,
874 2859 927 2934 57,
954 2861 987 2922 6:
1011 2856 1116 2936 ardes:
1142 2854 1369 2935 581177777-

220 2964 286 3045 977,
312 2965 365 3043 58,
389 2966 447 3028 247
472 2963 648 3045 7777777777
671 2968 731 3030 etc.
755 3001 799 3012 -—
823 2967 876 3042 25,
903 2966 936 3028 27
961 2963 1082 3042 besteis:
1111 2963 1165 3038 33,
1192 2963 1246 3026 12:
1270 2961 1370 3042 opitu»

222 3070 333 3150 77777777,
368 3072 421 3150 48,
448 3073 503 3136 197
522 3073 681 3152 purioris:
715 3072 768 3150 35,
796 3073 850 3136 18:
875 3071 1043 3150 7777777777,
1077 3070 1130 3147 43,
1157 3071 1208 3133 14.
1234 3070 1286 3145 52,
1312 3069 1368 3132 16:

222 3177 322 3259 7779777
352 3179 405 3255 46,
431 3179 465 3243 8:
494 3183 618 3257 77777777,
649 3179 701 3252 64,
726 3179 761 3241 3:
791 3177 904 3262 77777777
927 3179 985 3242 eto.
1009 3213 1052 3222 -
1075 3197 1098 3239 u
1121 3177 1153 3239 et
1175 3195 1206 3239 c:
1232 3175 1285 3252 34,
1312 3175 1367 3238 197

222 3284 353 3365 7777777777,
378 3285 432 3360 47,
460 3285 514 3349 127
538 3304 625 3366 reeca:
650 3286 703 3362 52,
729 3285 786 3350 23:
809 3283 928 3361 77777777,
954 3285 1006 3358 52,
1027 3285 1085 3347 227
1109 3285 1289 3366 7777777777,
1315 3282 1367 3358 76,

222 3392 280 3454 247
313 3394 458 3475 aptatur:
483 3427 524 3436 -
549 3392 602 3466 54,
629 3392 670 3454 13
695 3393 727 3454 et
750 3391 876 3474 saepius
901 3390 1071 3469 lacertam:
1101 3392 1153 3468 82,
1180 3392 1234 3454 12:
1266 3387 1369 3465 ordea

222 3500 283 3561 etc.
303 3533 346 3542 -
365 3495 530 3560 Accedunt
547 3516 664 3580 prauae
684 3498 852 3562 uerborum
870 3498 1123 3562 terminationes:
1149 3499 1201 3575 25,
1221 3498 1254 3560 8:
1273 3515 1368 3559 77777-

221 3606 330 3683 sarcat
352 3601 464 3688 (-ont);
499 3601 552 3680 34,
578 3606 608 3668 5.
634 3604 686 3680 43,
712 3605 746 3668 3:
778 3605 899 3684 77777777,
922 3603 1037 3686 77777777
1060 3603 1142 3689 (77),
1176 3604 1230 3680 35,
1254 3604 1284 3666 3.
1314 3603 1367 3678 37,

222 3711 279 3774 257
304 3709 421 3792 occidte
445 3707 530 3794 (·cs);
556 3710 609 3784 42,
635 3709 664 3772 8.
691 3710 743 3786 62,
770 3711 824 3774 147
844 3708 1076 3788 praescribunt,
1101 3707 1238 3785 7777777777
1257 3708 1366 3791 (77777),

222 3817 275 3892 44,
296 3819 330 3880 57
351 3815 514 3898 proferent
532 3815 646 3902 (·unt);
668 3816 720 3892 47,
741 3817 798 3879 217
819 3819 1002 3904 acceperant
1021 3817 1109 3899 (7777)
1130 3817 1189 3880 etc.
1210 3851 1253 3859 -
1272 3813 1367 3878 Haud

220 3941 290 3986 raro
316 3922 519 3988 aecusatiuus
547 3941 604 4004 pro
634 3923 830 3987 nominatiuo
856 3924 908 3986 uel
932 3923 1072 3988 ablatiuo
1097 3921 1228 4007 legitur:
1254 3921 1284 3998 6,
1308 3921 1365 3984 237

220 4030 324 4108 ipsam
345 4027 543 4104 Mineruam:
569 4029 622 4105 43,
643 4029 677 4092 87
700 4027 807 4092 77777777
822 4028 883 4091 sibl
900 4033 1043 4104 7777777777,
1067 4029 1120 4104 48,
1141 4029 1199 4091 21:
1211 4026 1365 4109 7777777777,

223 4136 275 4211 76,
304 4136 358 4200 107
387 4134 545 4211 docorem:
579 4135 653 4212 146,
680 4136 735 4199 117
759 4135 942 4211 mercedem:
969 4136 1042 4213 160,
1067 4135 1109 4197 22
1133 4131 1280 4216 Africam
1305 4135 1364 4197 etc.

220 4277 264 4288 -
283 4239 456 4306 Permultis
479 4241 560 4307 locis
583 4241 720 4306 omissae
740 4245 815 4306 sunt
834 4242 977 4326 singulae
995 4243 1119 4306 litterae
1139 4241 1193 4304 uel
1212 4239 1365 4322 syllabae:

222 4349 253 4426 9,
277 4349 312 4412 47
339 4343 539 4436 7777777777,
575 4349 626 4425 15,
651 4350 707 4412 267
736 4345 994 4436 77777777[777]7777,
1031 4349 1081 4426 17,
1107 4343 1361 4433 12p01[u]ertnt;
