3108 4926
276 433 340 494 300
618 429 644 482 S.
672 425 830 481 Aurelii
857 427 1072 496 Augustini

276 624 383 690 sutura
411 629 470 700 est,
495 624 579 706 quod
606 624 669 688 istc
698 643 759 688 uno
789 623 883 687 otium
915 622 980 687 illis
1013 623 1255 706 cooperantibus
1288 621 1429 706 egimus,

277 731 402 797 colendi
429 751 489 796 non
519 735 603 796 sunt.
642 729 704 795 Sed
731 730 877 813 quonium
902 734 1088 794 ueternosae
1112 731 1351 795 consuetudinis
1377 732 1430 795 uis

276 839 370 904 nimis
398 837 430 902 in
459 839 523 903 ullo
551 837 672 902 radices
701 837 806 914 habet,
836 837 864 901 si
893 837 944 902 cui
978 836 1015 900 da
1047 835 1110 901 ista
1142 836 1231 901 ciuili
1263 837 1432 922 theologia

276 944 454 1028 respuenda
480 943 582 1027 adque
611 943 742 1008 uitanda
769 963 881 1027 pamm
908 941 1020 1008 uideor
1052 943 1245 1026 disputasse,
1273 943 1304 1008 in
1339 943 1431 1008 aliud

276 1053 437 1127 uolumen,
466 1049 551 1134 quod
577 1050 652 1114 huic
681 1049 856 1133 opitulante
884 1049 951 1115 Dec
984 1048 1238 1134 coniungendum
1272 1053 1329 1129 est,
1361 1049 1431 1114 ani·
1459 1072 1471 1112 s

277 1179 365 1223 mum
390 1157 540 1222 intendat.

711 1385 887 1449 LIBER
920 1384 990 1448 VII.

744 1575 957 1631 PRAEFATIO.

323 1685 517 1770 Diligentius
542 1705 592 1749 me
616 1705 731 1769 prauus
756 1690 788 1750 et
811 1689 935 1750 ueteres
960 1685 1123 1767 opiniones
1147 1685 1277 1750 ueritati
1296 1685 1429 1768 pietatis

278 1791 432 1869 inimicas,
458 1809 536 1873 quas
564 1791 741 1856 tenebrosis
770 1791 882 1856 animis
912 1791 1007 1856 altius
1032 1795 1064 1856 ct
1087 1792 1229 1856 tenacius
1254 1791 1429 1856 diuturnus
1448 1809 1471 1848 ιο

279 1898 411 1962 humani
439 1899 561 1982 generis
591 1917 676 1963 error
697 1897 810 1978 infixit,
833 1899 969 1963 euellere
992 1898 1094 1982 adque
1119 1897 1290 1981 exstirpare
1314 1915 1429 1962 conan-

204 2000 208 2008 ’
278 2007 344 2069 tem
368 2007 401 2069 et
422 2004 509 2069 illius
534 2005 664 2088 gratiae,
690 2005 743 2087 qui
766 2006 826 2070 hoc
850 2007 887 2069 ut
909 2023 1003 2069 uerus
1027 2005 1115 2070 Dens
1138 2006 1255 2087 potest,
1274 2022 1331 2086 pro
1355 2023 1429 2068 meo

279 2111 408 2176 modulo
432 2111 463 2175 in
488 2111 556 2176 eins
581 2111 738 2177 adiutorio
762 2114 982 2194 cooperantem
1004 2111 1132 2196 ingenia
1155 2111 1305 2175 celeriora
1323 2109 1429 2193 adque

279 2218 420 2296 meliora,
445 2217 560 2300 quibus
590 2217 630 2281 ud
657 2218 738 2282 hauc
765 2238 831 2282 rem
860 2218 1037 2302 superiores
1063 2217 1137 2282 libri
1165 2218 1243 2282 sutis
1268 2236 1429 2302 superque

280 2325 451 2398 sufiiciunt,
476 2325 631 2408 patienter
655 2327 687 2388 et
710 2323 939 2406 aequanimiter
960 2323 1040 2389 ferre
1064 2323 1223 2389 debebunt
1247 2328 1279 2389 ct
1296 2329 1469 2408 proptera

280 2431 359 2495 alios
396 2451 456 2496 nou
493 2435 603 2514 putare
641 2429 847 2514 superfluum,
880 2429 965 2513 quod
996 2430 1059 2494 iam
1093 2429 1154 2495 sibi
1187 2431 1331 2494 sentiunt
1364 2449 1426 2494 non

280 2538 504 2603 necessarium.
541 2537 681 2602 Multum
709 2555 900 2620 magnares
929 2537 1043 2621 agitur,
1073 2557 1145 2602 cum
1178 2556 1254 2602 uera
1287 2539 1319 2601 et
1351 2555 1428 2601 uere

281 2648 389 2708 sanctu
412 2644 572 2722 diuinitas,
592 2643 738 2726 quamuis
763 2643 801 2708 ab
826 2663 863 2708 ea
885 2643 976 2708 nobis
1001 2643 1095 2708 etiam
1119 2644 1204 2722 huic,
1225 2663 1319 2727 quam
1343 2661 1428 2708 nuuc

279 2750 429 2833 gerimus,
448 2749 614 2834 fragilitati
637 2751 814 2816 necessaria
837 2749 980 2814 subsidia
1003 2750 1220 2831 praebeantur,
1239 2769 1299 2814 non
1318 2751 1427 2814 tamen

278 2861 406 2940 propter
424 2855 567 2921 mortalis
585 2857 672 2920 uitae
692 2855 909 2920 transitorium
927 2874 1088 2938 uaporem,
1104 2855 1159 2920 sed
1177 2857 1305 2939 propter
1323 2856 1426 2920 uitam
1444 2879 1468 2917 ao
1551 2909 1552 2944 ,

278 2961 413 3040 beatam,
447 2981 526 3045 quae
558 2982 619 3028 uon
653 2962 715 3026 nisi
752 2966 878 3026 aeterna
915 2965 974 3040 est,
1009 2961 1185 3045 quaerenda
1224 2965 1257 3026 et
1293 2962 1428 3028 colenda
1551 2945 1552 2950 ἵ

277 3069 485 3151 praedicatur.

760 3173 897 3240 CAPUT
919 3176 944 3241 I.

277 3296 332 3361 An
358 3316 443 3363 cum
468 3299 504 3362 in
529 3299 741 3383 theologia
765 3299 886 3363 ciuili
911 3299 1106 3364 deitatem
1130 3318 1205 3364 uon
1225 3317 1314 3364 esse
1336 3317 1425 3364 cou—

278 3403 451 3478 stiterit,
472 3406 509 3468 iu
534 3405 707 3470 selectis
733 3406 794 3470 dis
819 3425 900 3470 eam
923 3406 1104 3470 inueniri
1124 3424 1243 3488 posse
1263 3405 1424 3470 creden·
1442 3425 1465 3463 2³

762 3513 850 3576 dum
875 3513 939 3578 sit.

321 3633 410 3698 Hanc
444 3633 644 3699 diuinitatem
677 3637 738 3714 uel,
772 3642 809 3700 ut
841 3636 887 3702 sic
920 3636 1060 3716 dixerim,
1090 3635 1239 3701 deitatem
1272 3635 1357 3721 (nam
1392 3641 1424 3702 et

275 3739 335 3804 hoc
359 3741 455 3806 uerbo
479 3741 527 3806 uti
551 3742 613 3806 iam
637 3749 763 3807 nostros
787 3763 849 3808 non
869 3742 967 3828 piget,
987 3746 1025 3807 ut
1043 3744 1080 3807 de
1102 3743 1221 3808 Gracco
1241 3743 1422 3826 expressius

314 3932 468 4046 litginrus,
487 3975 512 4029 la
531 3977 649 4039 nac
701 3977 818 4060 Qui-0¹
863 3980 1002 4061 ἔρῃ-ψη]
1018 3978 1178 4061 septima
1233 3976 1424 4032 5uthuicC
1548 3950 1549 4028 i

274 4065 372 4128 animo,
392 4081 406 4116 o
426 4082 459 4118 cx
477 4076 495 4118 u
513 4081 591 4128 corr,
612 4067 622 4120 l
699 4066 802 4121 EXPL.
821 4067 889 4122 Llu.
909 4069 973 4123 sm.
992 4067 1243 4138 Avcllsuxuvs
1261 4066 1312 4120 DE
1332 4065 1421 4121 CIVI-

274 4154 366 4208 rrun
389 4139 564 4226 nimum.
588 4155 656 4209 ma.
681 4155 901 4210 snrrmvsc
991 4159 1025 4211 14
1052 4158 1213 4227 superiores,
1237 4173 1265 4210 es
1292 4173 1326 4210 m.
1347 4159 1369 4208 a
1390 4157 1421 4210 sa
1547 4221 1548 4226 Ν

272 4241 384 4306 ras.,c
457 4244 487 4296 16
507 4259 561 4297 non
581 4260 639 4297 csse
658 4244 746 4297 neci
818 4244 853 4299 20
872 4245 1059 4300 ettruuait.c
1131 4246 1165 4298 25
1184 4245 1301 4298 inueniri
1319 4261 1381 4298 earn
1397 4261 1420 4312 p

273 4331 306 4384 27
327 4333 358 4384 ut
376 4332 415 4385 sic
434 4330 544 4385 dixerim
564 4349 615 4386 om.
636 4331 665 4385 a¹
