3136 4934
375 433 424 487 De
453 432 626 486 ciuitate
655 429 714 484 dei
741 429 806 484 lib.
834 429 910 484 VIII.
939 445 1013 500 cap.
1039 429 1081 482 15.
1231 429 1296 494 379

613 625 749 693 CAPUT
773 625 842 691 XV.

151 755 265 836 Quod
289 773 416 837 neque
440 719 607 836 propter
631 751 740 816 aeria
769 769 941 832 corpora
971 765 1099 833 neque
1131 751 1298 831 propter

152 861 371 945 superiora
402 859 642 925 habitacula
676 858 889 924 daemones
923 855 1157 921 hominibus
1190 857 1298 919 ante·

643 964 807 1030 cellant.

121 1091 302 1172 sQuam
327 1091 366 1156 ob
391 1109 456 1154 rem
480 1089 628 1154 absitut
660 1088 723 1153 ista
755 1087 955 1152 considerans
988 1087 1112 1152 animus
1145 1085 1300 1150 ueraciter

151 1199 325 1283 religiosus
349 1199 382 1262 et
404 1215 479 1262 uero
503 1197 571 1260 Deo
596 1195 744 1261 subditus
771 1194 843 1259 ideo
873 1193 1003 1258 arbitt
941 1197 1003 1258 ttre
1004 1213 1041 1258 ιιι·
1069 1193 1236 1260 daemones
1265 1211 1299 1256 so

151 1307 221 1391 ipso
247 1325 318 1370 esse
341 1301 499 1382 meliores,
524 1303 609 1386 quod
637 1302 773 1367 habeant
806 1319 937 1384 corpora
968 1300 1108 1368 meliora.
1149 1298 1299 1382 Alioquin

151 1413 272 1478 multas
297 1411 360 1476 sibi
383 1413 416 1475 ιι
437 1409 557 1474 bestias
580 1409 780 1491 praelaturus
805 1410 865 1485 est,
889 1425 969 1488 quae
992 1426 1049 1472 nos
1073 1411 1105 1471 et
1128 1406 1301 1472 acrimonia

152 1538 308 1584 sensuum
332 1521 365 1582 et
387 1520 476 1581 motu
494 1514 649 1580 facillimo
669 1514 770 1598 adque
790 1512 952 1578 celerrimo
973 1515 1005 1577 st
1023 1513 1163 1578 ualentia
1181 1513 1300 1578 uirium

109 1649 135 1691 ιι
152 1631 184 1690 ιι
209 1624 423 1690 annosissima
449 1621 599 1686 firmitate
633 1640 799 1704 corporum
833 1620 975 1686 uincunt.
1024 1619 1102 1701 Quis
1135 1619 1300 1686 hominum

152 1730 293 1797 ridendo
336 1729 523 1811 aequabitur
559 1727 674 1810 aquilis
712 1731 745 1792 ιι
780 1728 986 1792 uulturibus?
1034 1727 1105 1809 quis
1143 1727 1299 1793 odorando

152 1840 311 1905 canibus?
345 1837 416 1920 quis
441 1835 611 1900 uelocitate
633 1835 806 1918 leporibus,
838 1837 952 1908 caruis,
986 1835 1132 1901 omnibus
1165 1835 1301 1900 auibus?

151 1946 226 2028 quis
250 1944 390 2007 multum
410 1941 544 2007 ualendo
563 1941 708 2006 leonibus
728 1946 760 2006 et
777 1941 976 2026 elephantis?
993 1943 1070 2026 ,quis
1090 1943 1143 2007 diu
1163 1942 1301 2008 uiuendo

152 2050 367 2135 serpentibus,
393 2049 447 2132 qui
476 2049 571 2114 etiam
604 2049 746 2131 deposita
777 2048 886 2113 tunica
918 2053 1114 2115 senectutem
1148 2050 1302 2134 deponere

111 2186 135 2226 ιι
152 2159 259 2240 adque
282 2157 314 2221 iu
337 2156 500 2221 iuuentam
523 2156 625 2221 redire
648 2155 875 2239 perhibentur?
900 2155 962 2222 Sed
981 2157 1066 2222 sicut
1084 2156 1134 2222 his
1154 2158 1301 2223 omnibus

152 2263 372 2332 ratiocinando
397 2265 429 2327 et
452 2261 666 2344 intellegendo
690 2261 836 2328 meliores
868 2282 990 2338 eumue,
1024 2263 1070 2328 ita
1102 2264 1198 2329 etiam
1231 2266 1302 2330 das-

152 2373 305 2438 monibus
328 2370 406 2434 beno
430 2367 532 2449 adque
556 2367 687 2432 honeste
711 2367 850 2432 uiuendo
874 2369 1020 2434 meliores
1044 2389 1114 2435 esse
1139 2371 1301 2438 debemus.

154 2477 205 2544 Ob
230 2477 292 2542 boc
317 2477 400 2540 enim
424 2478 457 2538 et
478 2473 678 2556 prouidentia
706 2473 815 2538 diuina
847 2475 904 2552 eis,
939 2475 1054 2557 quibus
1087 2496 1144 2541 nos
1178 2482 1303 2543 constat

155 2603 229 2649 esse
253 2583 403 2666 potiores,
427 2580 502 2646 data
524 2583 599 2644 sunt
622 2580 775 2662 quaedam
807 2581 932 2662 potiora
964 2601 1130 2666 corporum
1162 2603 1302 2663 munera,

112 2719 138 2759 ro
156 2695 196 2756 ιιι
217 2689 310 2766 illud,
336 2707 396 2771 quo
422 2687 467 2752 eis
490 2687 721 2770 praeponimur,
752 2686 847 2752 etiam
874 2687 938 2753 isto
971 2689 1064 2754 modo
1096 2690 1187 2756 nobis
1220 2711 1303 2758 cem-

156 2795 360 2861 mendaretnr
382 2795 485 2859 multo
511 2794 628 2860 maiore
652 2813 726 2859 cura
750 2795 954 2860 excolendum
974 2815 1158 2880 essequam
1178 2817 1302 2881 corpus,

156 2903 324 2985 ipsamque
360 2900 576 2966 excellentiam
614 2902 817 2983 corporalem,
857 2921 951 2985 quarn
989 2903 1157 2970 daemones
1189 2905 1303 2970 habere

159 3027 337 3082 nossemus,
366 3027 440 3091 prae
471 3009 614 3074 bonitate
646 3008 743 3086 uitae,
777 3027 838 3091 qua
869 3009 936 3074 illis
969 3011 1199 3092 anteponimur,
1232 3031 1303 3076 con-

158 3119 300 3181 temnere
324 3115 529 3192 disceremus,
552 3115 691 3179 habituri
715 3118 746 3179 et
770 3135 827 3180 nos
846 3115 1107 3181 inmortalitatem
1127 3136 1303 3200 corporum,

113 3249 140 3289 rs
158 3242 220 3288 non
246 3240 340 3305 quarn
365 3222 594 3305 suppliciorum
617 3221 785 3287 aeternitas
808 3226 963 3305 torqueat,
989 3223 1045 3289 sed
1069 3243 1162 3307 quam
1182 3225 1304 3306 puritas

158 3327 328 3412 praecedat
350 3329 535 3394 animorum.

203 3435 271 3499 Iam
296 3454 371 3500 uero
396 3435 435 3500 de
458 3435 521 3500 loci
546 3433 724 3512 altitudine,
755 3434 840 3518 quod
868 3433 1035 3501 daemones
1068 3436 1099 3502 in
1133 3457 1213 3514 aere,
1246 3459 1303 3504 nos

160 3545 266 3606 autem
291 3541 472 3606 habitamus
496 3541 527 3605 in
552 3545 644 3617 terra,
668 3541 713 3608 ita
736 3544 924 3626 permoneri,
953 3547 990 3608 ut
1018 3544 1092 3610 hinc
1124 3564 1178 3612 eos
1213 3546 1305 3611 nobis

161 3666 231 3713 esse
255 3646 495 3730 praeponendos
520 3647 748 3724 existimemus,
778 3647 902 3713 omnino
930 3649 1101 3714 ridiculum
1130 3655 1188 3715 est.
1235 3651 1306 3716 Hoc

196 3849 311 3902 2aerea
325 3862 347 3914 p
420 3847 559 3900 timeum
578 3845 735 3900 laciIlImum
757 3847 789 3900 0¹
863 3847 1030 3903 celerrimum
1051 3847 1084 3902 0¹
1148 3849 1305 3962 1121ιιιιίιι>ιιι

159 3963 319 4018 omnibuso
425 3962 457 4016 13
477 3979 523 4032 qur
541 3961 725 4016 druuendoG
838 3964 869 4016 15
890 3963 924 4017 ad
943 3963 1057 4018 iuuenta
1078 3963 1125 4033 G¹;
1144 3965 1178 4031 ad
1197 3967 1220 4037 ll
1239 3983 1305 4020 nen·

159 4055 216 4107 tarn
237 4049 273 4106 0²
344 4051 533 4122 perhibentur]
552 4051 691 4122 reperiunt
693 4066 755 4106 urs
824 4053 856 4105 16
875 4052 1035 4106 rationando
1056 4053 1077 4108 1¹
1149 4055 1177 4108 in
1196 4053 1306 4109 daemo-

158 4140 273 4195 nibuss
342 4141 375 4194 18
395 4139 477 4210 enim]
498 4140 589 4207 etiam,
608 4141 639 4194 ιἰι
657 4157 742 4210 morp.
762 4150 845 4206 ente
908 4142 942 4196 20
962 4140 1067 4211 quode
1121 4143 1154 4196 23
1172 4142 1307 4212 bonitate,

160 4273 227 4314 em.
242 4260 263 4312 2
280 4256 313 4310 ιἰι
330 4257 438 4320 ramo
488 4257 522 4312 25
542 4273 594 4310 non
615 4273 696 4326 quarn
714 4273 774 4326 arcp.
796 4257 884 4312 limo
936 4258 970 4312 28
988 4223 1122 4328 peIieril
1175 4261 1209 4314 29
1228 4275 1305 4329 prae-

160 4364 221 4417 pon.
242 4345 332 4400 earet
