3164 4932
344 445 394 498 De
424 446 597 499 ciuitate
626 445 687 499 dei
716 445 779 499 lib.
803 445 863 501 XII.
892 463 967 516 cap.
991 447 1034 500 22.
1059 447 1102 500 23.
1225 449 1289 513 607

143 641 246 706 cuius
267 645 412 705 naturam
441 642 576 723 quodam
605 641 698 707 modo
726 643 863 706 mediam
892 643 974 706 inter
1000 642 1130 726 angelos
1158 641 1292 706 bestias-

144 767 205 830 que
242 747 406 826 condebat,
439 751 485 824 ut,
519 748 547 812 si
580 747 719 814 Creatori
756 769 813 814 suo
851 753 1014 832 tamquam
1051 767 1128 814 uero
1165 746 1291 813 domino

145 853 294 918 subditus
321 858 525 937 praeceptum
554 856 623 920 eius
650 857 703 938 pia
731 856 930 920 oboedientia
955 857 1140 932 custodiret,
1164 857 1196 920 in
1221 875 1292 920 oon·

145 961 279 1026 sortium
302 963 451 1027 transiret
473 963 662 1047 angelicum,
687 964 754 1030 sine
777 968 878 1028 morte
901 963 1005 1028 media
1028 965 1152 1028 beatam
1174 963 1293 1028 inmor-

116 1069 302 1136 atalitatcm
327 1069 447 1152 absque
471 1070 537 1134 ullo
559 1071 693 1136 termino
718 1074 922 1146 consecutus;
947 1071 975 1134 ei
994 1073 1100 1136 aretem
1120 1070 1292 1135 Dominum

146 1177 250 1241 Deum
288 1196 381 1241 suum
417 1177 517 1242 libera
552 1179 718 1243 uoluntate
755 1179 890 1260 superbe
923 1177 1025 1260 adque
1057 1177 1294 1243 inoboedienter

145 1303 226 1348 nsua
260 1284 439 1360 offenderet,
472 1286 567 1349 morti
598 1284 744 1350 addictus
777 1285 952 1350 bestialiter
983 1285 1117 1362 uiueret,
1151 1285 1293 1349 libidinis

148 1409 260 1455 seruus
292 1394 481 1474 aetemoqne
512 1395 587 1475 post
616 1396 750 1457 mortem
783 1393 940 1476 supplicio
974 1391 1162 1470 destinatus,
1195 1411 1292 1456 unum

149 1517 184 1561 ao
217 1498 378 1582 singulum
411 1500 540 1577 creauit,
573 1519 633 1564 non
662 1500 773 1581 ntique
802 1502 906 1565 solum
935 1500 1002 1564 sine
1030 1501 1168 1564 humana
1196 1499 1294 1563 socie·

106 1635 131 1672 ιο
149 1608 215 1668 tute
248 1601 466 1683 deserendum,
495 1607 551 1670 sed
578 1609 616 1670 ut
644 1626 679 1671 eo
708 1607 801 1671 modo
830 1607 1050 1672 uehementius
1080 1607 1108 1671 ei
1137 1624 1295 1671 commen-

150 1711 277 1776 daretur
308 1711 410 1794 ipsius
445 1713 607 1777 societatis
639 1713 745 1777 unitas
779 1713 1006 1795 uinculumque
1039 1712 1233 1788 concordiae,
1268 1713 1295 1775 si

149 1839 210 1885 non
234 1822 357 1884 tanturn
381 1819 463 1884 inter
486 1839 519 1884 so
543 1824 674 1884 naturae
697 1819 918 1896 similitudine,
938 1839 1047 1884 uerum
1069 1820 1163 1884 etiam
1184 1838 1296 1902 cogna-

148 1925 245 1990 tionis
274 1925 388 1991 affectu
416 1927 560 1990 homines
588 1930 799 2003 necterentur;
830 1926 952 2007 quando
980 1947 1018 1990 na
1041 1927 1144 2008 ipsam
1168 1927 1295 2009 quidem

148 2031 299 2097 feminam
337 2033 545 2117 copulandam
582 2035 651 2098 uiro
690 2033 774 2098 sieut
810 2033 915 2116 ipsum
948 2053 1052 2098 creare
1083 2033 1133 2098 illi
1164 2033 1296 2115 placuit,

106 2169 132 2211 rs
151 2140 208 2206 sed
240 2160 276 2204 er
303 2140 385 2224 ipso,
413 2145 450 2207 ut
478 2140 605 2204 omnino
635 2159 670 2204 er
698 2141 823 2205 bomine
851 2160 913 2205 uno
943 2139 1169 2205 diffunderetur
1196 2158 1297 2224 genus

150 2249 334 2313 humanum.

589 2440 725 2505 CAPUT
748 2440 864 2504 XXIII.

152 2582 263 2662 Quod
300 2581 548 2665 praescierit
586 2583 692 2647 Deus
730 2583 939 2660 hominem,
975 2601 1089 2664 quom
1126 2582 1296 2665 primum

152 2690 347 2768 condidit,
372 2692 635 2772 peccaturum
660 2689 865 2771 simulque
889 2689 1157 2770 praeuiderit,
1182 2709 1297 2770 quan-

107 2821 133 2862 ao
151 2800 235 2861 tum
259 2797 415 2879 piorum
438 2797 632 2879 populum
657 2816 699 2861 cx
723 2796 811 2861 cius
835 2815 981 2880 genere
1003 2797 1042 2860 in
1066 2795 1297 2880 angelicum

247 2904 498 2968 consortium
522 2922 593 2967 sua
617 2906 728 2967 esset
751 2904 885 2987 grotta
908 2901 1204 2968 translaturus.

197 3043 264 3110 Neo
287 3046 453 3130 ignorabat
475 3045 561 3108 Deus
584 3045 744 3109 hominem
767 3047 971 3127 peccaturum
996 3047 1028 3109 et
1050 3043 1145 3109 morti
1164 3045 1226 3108 iam
1246 3043 1300 3108 ob-

152 3152 279 3218 noxium
308 3153 478 3217 morituros
505 3154 753 3234 propagaturum
781 3168 881 3231 eoque
904 3169 1127 3234 progressuros
1151 3149 1300 3232 peccandi

150 3259 337 3323 inmanitate
364 3257 526 3338 mortales,
555 3260 592 3321 ut
618 3257 721 3321 tutius
750 3257 851 3338 adque
874 3257 1018 3338 pacatius
1042 3256 1126 3321 inter
1149 3275 1183 3322 se
1206 3255 1300 3320 ratio-

108 3391 135 3433 as
153 3367 234 3431 nalis
259 3366 432 3430 uoluntatis
457 3368 599 3447 expertes
622 3363 742 3428 bestiae
766 3364 816 3428 sui
839 3365 963 3447 generis
989 3364 1143 3442 uiuerent,
1168 3382 1301 3446 quarum

154 3473 300 3554 exequie
320 3471 460 3537 ottenis
484 3471 623 3555 plurium
646 3469 821 3553 pulluleuit
838 3469 1009 3546 exordium,
1029 3489 1122 3552 quam
1146 3470 1300 3549 homines,

155 3599 290 3663 quorum
328 3597 428 3663 genua
466 3597 502 3642 er
539 3597 601 3642 uno
635 3578 685 3642 est
717 3577 754 3640 ad
790 3575 1069 3645 conmmendandam
1102 3575 1301 3640 concordiam

154 3690 374 3772 propagatum.
412 3683 523 3768 Neque
551 3683 633 3748 enirn
662 3701 813 3765 umquem
841 3683 923 3746 inter
951 3701 984 3746 se
1012 3684 1118 3746 leones
1143 3685 1197 3746 aut
1219 3682 1303 3747 inter

192 3917 205 3969 1
227 3912 417 3983 quodadrnodo
436 3919 447 3965 t
511 3913 526 3966 5
545 3910 671 3980 termiuo]
691 3913 813 3980 tempore
834 3910 844 3962 l
916 3911 1107 3962 consecutums
1129 3906 1220 3975 tp²a‚·
1240 3923 1302 3960 con-

154 4009 312 4058 secuturae
382 4003 461 4054 nisit
517 4001 549 4053 12
570 3998 911 4069 cogni‘oioniseffectnab
968 3997 1000 4050 13
1019 4013 1069 4050 neo
1083 3997 1168 4064 ipsam
1185 3995 1303 4062 abpto

156 4095 190 4148 14
209 4092 292 4146 uirit
376 4089 564 4158 illiberalia.
590 4088 616 4140 V
686 4089 718 4140 15
743 4087 850 4140 omnino
876 4083 1302 4153 Velptafiomneaoho·

153 4182 291 4236 minemb
363 4196 417 4233 uno
437 4195 487 4232 om.
508 4196 525 4228 α
580 4179 612 4230 17
632 4175 697 4246 Cap.
717 4176 828 4229 XXIIo
880 4175 912 4228 18
932 4174 1074 4228 Deusom.
1091 4190 1113 4241 p
1185 4172 1301 4242 primum

155 4271 222 4325 dens
238 4287 259 4338 p
309 4269 344 4323 20
363 4268 494 4338 populoru
510 4283 532 4334 p
587 4267 619 4318 21
642 4269 733 4318 essent
747 4282 769 4333 p
841 4265 1003 4317 transituros
1019 4279 1041 4330 p
1095 4263 1130 4316 24
1151 4261 1304 4331 capaciuse

154 4358 328 4414 rationaliV
380 4359 414 4412 25
434 4357 526 4411 suee¹
577 4355 748 4424 asplenon
771 4353 1015 4424 Vlo3plurimnm
1036 4352 1218 4420 abaptof
