3136 4928
635 435 662 490 S.
690 433 845 491 Aurelii
873 433 1087 504 Augustini

726 629 862 696 CAPUT
885 630 985 695 XVII.

285 775 339 838 De
365 793 456 838 area
485 763 725 837 testamenti
754 773 1050 855 miraculisque
1079 772 1301 855 signorum,
1331 789 1427 852 quae

285 882 331 946 ad
356 879 705 946 commendandam
730 879 839 964 legis
864 898 905 943 ao
930 877 1222 962 promissionis
1252 877 1429 942 auetori-

550 989 672 1050 tatem
700 985 907 1051 diuinitus
931 986 1041 1050 faeta
1065 989 1169 1048 sunt.

329 1129 464 1195 Proinde
488 1129 536 1193 lex
561 1129 629 1206 Dei,
655 1149 735 1212 quae
756 1129 785 1192 in
808 1128 921 1193 odietis
941 1127 1015 1192 data
1033 1131 1084 1191 est
1103 1126 1297 1210 angelorum,
1317 1126 1349 1188 in
1370 1145 1429 1208 que
1457 1147 1467 1182 s

284 1257 367 1302 unus
392 1237 479 1302 Deus
508 1237 636 1301 deorum
670 1237 823 1320 religione
855 1254 1014 1301 sacrorum
1047 1234 1155 1298 iussus
1189 1237 1239 1298 est
1271 1233 1345 1308 eoli,
1378 1233 1429 1296 alii

285 1363 360 1409 uero
385 1343 520 1427 quilibet
542 1343 704 1426 prohibiti,
728 1344 759 1406 in
785 1363 855 1408 area
883 1345 951 1407 erat
976 1341 1091 1424 posita,
1125 1359 1205 1423 quae
1238 1359 1310 1404 aree
1344 1339 1430 1404 testi-

285 1451 382 1516 monii
406 1453 587 1534 nuneupata
606 1455 664 1514 est.
691 1449 758 1528 Quo
778 1450 902 1514 nomine
922 1450 1000 1514 satis
1020 1447 1217 1532 significatur
1235 1465 1296 1511 non
1316 1447 1430 1522 Deum,

287 1558 340 1641 qui
363 1577 420 1641 per
442 1557 498 1622 illa
522 1557 627 1621 omnia
651 1556 823 1634 colebatur,
849 1555 1058 1620 circumcludi
1081 1555 1181 1620 solere
1205 1555 1256 1618 uel
1279 1552 1431 1618 contineri

285 1666 365 1742 loeo,
387 1683 458 1729 oum
476 1682 628 1747 responsa
646 1663 715 1727 eius
735 1668 767 1728 et
785 1663 939 1744 quaedem
959 1661 1105 1726 humanis
1121 1660 1267 1726 sensibus
1284 1660 1432 1724 darentur
1448 1680 1471 1718 ιο

287 1772 378 1855 signa
400 1791 436 1834 ex
458 1771 547 1835 illius
572 1789 662 1834 oreae
684 1770 767 1848 loco,
792 1769 848 1834 sed
872 1769 1048 1835 uoluntatis
1068 1769 1137 1833 eins
1156 1767 1230 1833 bino
1248 1766 1431 1832 testimonia

285 1877 456 1958 perbiberi;
483 1876 566 1958 quod
591 1877 687 1940 etiam
710 1876 780 1958 ipsa
803 1877 851 1940 lex
875 1875 995 1942 eratin
1020 1874 1138 1940 tabulis
1158 1874 1338 1957 conscripta
1356 1872 1430 1956 lapi-

286 1983 353 2048 deis
378 1987 409 2047 et
432 1985 463 2047 in
488 2003 569 2061 aree,
593 1988 631 2046 ut
654 1982 726 2060 dixi,
751 1983 864 2067 posita,
889 2002 982 2064 quam
1006 1985 1149 2065 tempore
1168 1979 1430 2065 peregrinationis

286 2090 317 2153 in
339 2109 442 2155 eremo
463 2109 533 2154 oum
555 2090 769 2167 tabernaculo,
790 2089 873 2171 quod
895 2089 1043 2153 similiter
1060 2087 1254 2172 appellatum
1268 2092 1318 2150 est
1332 2086 1430 2149 taber-

287 2198 436 2262 naculum
460 2197 646 2276 testimonii,
671 2216 743 2261 eum
768 2196 875 2261 debita
898 2196 1078 2261 sacerdotes
1102 2194 1305 2259 ueneratione
1330 2197 1431 2276 porta·
1448 2211 1470 2252 n
1550 2231 1551 2238 κ

286 2304 375 2379 bant;
401 2304 591 2388 signumque
616 2307 691 2379 erat,
718 2303 803 2386 quod
826 2323 881 2386 per
904 2302 987 2367 diem
1011 2302 1112 2367 nubes
1143 2300 1324 2385 apparebat,
1353 2319 1432 2382 qnae

288 2411 373 2474 sicut
394 2410 478 2494 ignis
502 2413 594 2475 noete
618 2409 774 2494 fulgebat;
801 2429 881 2492 quae
905 2410 1005 2474 nubes
1025 2429 1096 2473 enm
1117 2412 1309 2484 moueretur,
1331 2413 1434 2471 eastra

289 2517 507 2595 mouebantur,
533 2520 564 2580 et
588 2516 642 2580 ubi
672 2519 780 2593 staret,
814 2521 918 2581 eastra
948 2515 1154 2598 ponebantur.
1192 2513 1328 2578 Reddita
1360 2518 1435 2578 sunt

288 2628 394 2688 autem
418 2623 467 2686 illi
490 2623 555 2706 legi
578 2623 687 2706 magni
709 2623 855 2687 miraculi
884 2623 1068 2686 testimonia
1095 2624 1220 2705 praeter
1250 2621 1324 2698 ista,
1355 2637 1434 2703 quea

290 2729 362 2806 dixi,
387 2734 419 2792 et
442 2732 566 2812 praeter
593 2747 699 2808 uoces,
729 2747 808 2810 quae
837 2747 873 2793 ex
904 2729 992 2793 illius
1026 2747 1114 2792 arcae
1147 2729 1216 2792 loeo
1251 2726 1473 2791 edebanturso

287 2835 369 2900 Nam
389 2855 462 2900 oum
480 2839 594 2901 terram
614 2834 834 2919 promissionis
852 2835 1042 2900 intrantibus
1063 2834 1173 2899 eadem
1193 2852 1264 2898 eros
1277 2833 1432 2898 transiret.

287 2941 436 3008 iordanes
460 2941 579 3006 fluuius
604 2961 639 3006 er
663 2946 751 3024 parte
777 2942 937 3025 superiore
962 2941 1141 3006 subsistens
1165 2944 1198 3004 et
1226 2959 1261 3004 er
1290 2939 1433 3004 inferiore

288 3047 457 3112 decurrens
483 3052 514 3112 et
537 3047 598 3130 ipsi
623 3051 655 3113 et
673 3049 791 3132 populo
812 3047 933 3112 siceum
952 3047 1099 3130 praebuit
1116 3045 1299 3111 transeundi
1316 3045 1431 3110 locum.

288 3154 408 3219 Deinde
433 3154 585 3231 ciuitatis,
610 3174 689 3237 quae
713 3155 814 3236 prima
845 3154 972 3218 hostilis
1006 3154 1141 3221 ooeurrit
1173 3171 1260 3218 more
1291 3152 1430 3235 gentium

290 3262 365 3326 deos
389 3262 542 3346 plurimos
568 3263 684 3338 colens,
710 3260 851 3344 septiens
884 3261 991 3327 eadem
1026 3281 1096 3325 area
1129 3259 1321 3325 circumacta
1352 3258 1469 3323 murts

289 3373 416 3451 repente
437 3368 627 3446 oeciderunt,
647 3368 736 3434 nullu
754 3387 847 3432 manu
868 3369 1052 3452 oppugnati,
1068 3366 1155 3432 nullo
1173 3367 1268 3430 ariete
1282 3365 1432 3448 percussi.

288 3473 368 3539 Post
393 3474 471 3538 haee
505 3475 599 3539 etiam
634 3495 705 3540 eum
738 3475 800 3538 iam
835 3475 866 3538 in
899 3480 981 3540 terra
1013 3475 1233 3557 promissionis
1265 3475 1374 3538 essent
1405 3477 1434 3534 et-

291 3580 400 3644 eadem
425 3599 496 3645 area
518 3586 647 3664 propter
670 3601 777 3647 eorum
802 3587 934 3664 peecata
956 3581 1073 3646 fuisset
1095 3581 1134 3645 ab
1159 3579 1308 3644 hostibus
1334 3583 1432 3660 capta.

380 3771 511 3828 tonsor.
527 3775 567 3837 13,
582 3774 614 3828 21
668 3773 700 3826 17
716 3771 752 3828 ib.
767 3774 810 3838 40,
825 3774 914 3842 34sq.
964 3771 1064 3827 ratos.
1079 3773 1105 3836 3,
1122 3773 1154 3827 16
1169 3789 1209 3841 sq.
1261 3763 1432 3835 naitono

325 3897 478 3966 2arehap
533 3897 727 3966 tangelorunr
747 3897 811 3950 duta
830 3900 872 3951 est
891 3913 909 3949 o
965 3896 997 3950 14
1016 3897 1124 3950 heremo
1143 3912 1204 3951 mss.
1278 3911 1339 3949 cnm
1359 3911 1433 3950 om.o

292 3987 323 4041 15
343 3986 468 4040 debitae
533 3988 564 4040 16
585 3990 643 4040 erat
662 4002 712 4040 om..
733 4003 752 4039 a
818 3986 850 4040 18
871 3989 898 4040 et
918 3984 1250 4055 ubi..ponebanturom.
1271 4001 1290 4038 a
1361 3985 1393 4038 19
1410 3989 1431 4036 et

290 4077 325 4130 20
343 4079 462 4145 propter,
481 4077 513 4127 in
532 4091 616 4144 marp.
636 4077 784 4144 praetensa
847 4076 879 4128 21
900 4091 1016 4144 namque
1037 4092 1055 4128 a
1127 4091 1158 4127 ex
1177 4074 1269 4127 eadem
1291 4091 1323 4140 α,·
1344 4076 1373 4126 nt
1391 4089 1430 4126 es·

290 4163 360 4228 dem,
380 4169 411 4218 ut
430 4182 463 4218 ea
482 4169 510 4218 et
528 4181 608 4226 corr..
624 4165 639 4217 b
695 4165 729 4217 22
748 4162 873 4218 iordanes
889 4165 946 4231 ἰῇ·
963 4164 1107 4218 iordannes
1122 4182 1152 4228 α,·
1171 4161 1289 4216 iordanis
1305 4163 1430 4230 steps

291 4252 433 4307 Iordanem
452 4271 468 4308 o
523 4255 556 4307 23
578 4257 605 4306 et
624 4253 689 4322 ipsis
710 4271 735 4308 o.
756 4269 806 4306 om.
827 4271 840 4306 e
901 4253 936 4306 24
955 4252 1086 4316 ciuitatis,
1104 4252 1289 4321 superscripto
1308 4252 1430 4317 ierioo.p

291 4341 435 4409 gentilium
455 4358 471 4391 α
526 4343 559 4395 27
580 4343 647 4395 Post
664 4341 743 4411 haer]
765 4342 893 4411 posteat
