3164 4932
270 423 334 485 572
620 420 647 475 S.
675 420 831 473 Aurelii
858 420 1075 490 Augustini

269 615 357 697 ipsae
381 618 510 680 naturae
535 616 720 698 plerumque
744 615 924 700 displicent,
949 636 1022 682 cum
1046 619 1091 683 eis
1116 618 1198 683 liunt
1217 620 1337 684 noxiae.
1358 637 1421 682 non

270 741 321 786 eas
346 723 627 802 considerantibus,
653 721 708 786 sed
736 723 910 788 utilitatem
939 743 1040 802 suam,
1064 725 1149 790 sicut
1178 726 1235 790 illa
1260 725 1421 794 animalia.

270 847 403 910 quorum
428 829 620 892 abundantia
641 827 872 913 Aegyptiorum
898 830 1045 913 snperbia
1068 832 1245 914 uapulauit.
1270 831 1334 897 Sed
1357 833 1422 897 isto

268 933 362 997 modo
385 938 522 1015 possunt
545 938 577 998 et
600 933 700 1000 solem
724 935 915 1018 uituperare,
936 938 1083 1020 quoniam
1103 938 1230 1020 quidam
1250 943 1423 1020 peccantes

268 1038 321 1104 uel
346 1039 452 1103 debita
475 1059 536 1104 non
560 1040 727 1105 reddentes
750 1043 824 1125 poni
848 1063 866 1106 a
888 1042 1048 1108 iudicibus
1071 1043 1221 1108 iubentur
1243 1045 1282 1109 ad
1308 1046 1422 1112 solem.
1457 1067 1469 1107 s

268 1145 338 1210 Non
370 1146 478 1228 itaque
510 1166 545 1210 ex
573 1148 739 1213 commodo
768 1149 822 1213 uel
849 1149 1050 1214 incommodo
1077 1155 1196 1228 nostro,
1225 1153 1282 1216 sed
1305 1173 1364 1236 per
1387 1173 1423 1218 se

267 1253 370 1335 ipsam
399 1253 595 1319 considerata
617 1262 731 1319 natura
754 1255 808 1320 dat
832 1255 943 1320 artifici
968 1276 1026 1321 suo
1051 1256 1194 1341 gloriam.
1237 1257 1291 1324 Sic
1316 1263 1424 1324 estet

268 1363 380 1423 natura
408 1359 492 1443 ignis
524 1361 640 1424 aeterni
666 1361 732 1426 sine
756 1362 823 1425 nlla
847 1361 1044 1428 dubitatione
1067 1364 1247 1444 laudabilis,
1272 1367 1423 1447 quamuis

268 1465 424 1530 damnatis
443 1465 538 1548 inpiis
558 1467 665 1530 futura
683 1468 834 1549 poenalis.
861 1465 944 1546 Quid
964 1470 1046 1533 enim
1070 1474 1120 1534 est
1141 1471 1214 1555 igne
1237 1471 1424 1537 flammante

267 1573 396 1656 uigente
425 1573 550 1638 lucente
578 1573 764 1655 pulchrius?
788 1574 865 1657 qnid
892 1575 1076 1640 calfaciente
1105 1579 1234 1642 curante
1263 1582 1471 1660 coquentem

267 1680 401 1744 utilius?
428 1681 575 1762 quamuis
605 1699 641 1744 eo
670 1681 749 1744 nihil
778 1683 821 1747 sit
847 1686 957 1746 urente
985 1684 1164 1748 molestius.
1207 1685 1295 1750 Idem
1320 1685 1424 1769 igitur

267 1787 336 1868 ipse
370 1786 461 1850 aliter
489 1786 655 1869 adpositus
684 1789 891 1870 perniciosus,
921 1791 974 1872 qui
1005 1790 1228 1856 conuenienter
1254 1791 1423 1856 adhibitus

269 1893 547 1958 commodissimus
571 1894 740 1958 inuenitur.
763 1896 846 1960 Nam
870 1897 937 1961 eius
962 1897 992 1960 in
1017 1897 1166 1962 uniuerso
1190 1898 1308 1963 mundo
1333 1899 1422 1963 utili-

267 2003 350 2064 tates
378 2000 485 2064 uerbis
515 2000 669 2084 explicare
697 2001 768 2084 quis
797 2001 937 2067 sufficit?
979 2002 1044 2068 Nec
1072 2003 1219 2068 audiendi
1249 2009 1337 2080 sunt,
1365 2005 1422 2087 qui

267 2105 396 2170 laudant
428 2107 460 2170 in
489 2107 562 2190 igne
591 2107 706 2186 lucem,
736 2107 878 2172 ardorem
907 2111 1014 2173 autem
1041 2109 1236 2193 uituperant,
1265 2111 1423 2176 uidelicet
1443 2133 1467 2170 ιε

266 2231 327 2276 non
361 2232 397 2277 er
429 2213 463 2278 ui
495 2217 636 2292 naturae,
671 2213 725 2278 sed
760 2235 794 2279 er
828 2235 885 2280 suo
919 2216 1083 2281 commodo
1117 2217 1171 2280 uel
1202 2217 1419 2283 incommodo.

267 2317 381 2384 Videre
405 2321 490 2384 euim
513 2321 636 2398 uolunt,
661 2321 769 2385 ardere
793 2324 913 2388 nolunt.
938 2321 998 2388 Sed
1022 2343 1133 2405 parurn
1153 2322 1330 2388 adtendunt
1349 2344 1420 2389 earn

266 2424 368 2508 ipsam
401 2427 517 2506 lucem,
553 2445 632 2509 quae
663 2431 747 2493 certe
776 2431 809 2492 et
835 2429 900 2492 illis
928 2431 1042 2513 placet,
1072 2431 1173 2494 oculis
1201 2430 1335 2494 infirmis
1364 2449 1423 2514 per

266 2531 548 2597 inconuenientiam
585 2554 706 2611 nocere,
741 2539 772 2599 et
804 2535 835 2599 in
864 2536 920 2600 illo
949 2535 1068 2614 ardore,
1097 2537 1152 2618 qui
1181 2537 1226 2600 616
1256 2536 1419 2620 displicet,

267 2639 417 2703 nonnulla
440 2641 587 2705 animalia
610 2661 666 2724 per
690 2643 941 2707 conuenientiam
965 2643 1134 2708 salubriter
1157 2643 1276 2708 uiuere.
1438 2671 1464 2708 ao

745 2832 881 2898 CAPUT
905 2832 942 2898 V.

268 2967 377 3048 Quod
412 2973 450 3037 in
479 2975 584 3038 omni
612 2976 780 3039 naturae
810 2975 947 3058 specie
975 2993 1017 3040 ac
1045 2977 1158 3041 modo
1187 2978 1417 3044 laudabilis

714 3082 771 3146 sit
795 3079 970 3144 Creator.

310 3221 450 3286 Naturae
475 3221 573 3305 igitur
598 3241 717 3301 omnm,
738 3223 886 3306 qnoniam
911 3225 987 3287 sunt
1009 3225 1042 3287 61
1059 3223 1136 3288 ideo
1149 3224 1267 3288 habent
1285 3225 1415 3290 modum

268 3347 372 3406 suum,
403 3329 540 3411 speciem
574 3347 664 3392 suam
694 3332 726 3393 et
754 3329 911 3410 quandam
940 3347 1049 3393 secum
1077 3349 1187 3413 pacem
1215 3350 1318 3410 suam,
1346 3350 1415 3414 pro·
1435 3362 1461 3400 66

267 3435 349 3500 fecto
373 3437 473 3500 bonae
497 3438 585 3512 sunt3
610 3439 738 3500 etcum
762 3437 807 3500 ibi
832 3443 917 3514 sunt,
937 3435 993 3499 ubi
1012 3455 1082 3501 esse
1106 3456 1161 3520 per
1184 3440 1315 3503 naturae
1335 3438 1414 3504 ordi·

268 3561 338 3606 nem
368 3541 492 3620 debent,
521 3545 675 3625 quantum
704 3549 902 3625 acceperunt,
931 3561 1025 3607 suum
1054 3562 1125 3608 esse
1153 3543 1355 3620 custodiunt;
1384 3548 1414 3609 et

301 3827 432 3897 dsolem]
453 3828 572 3882 solentt
663 3830 787 3898 'lipsat
895 3829 1001 3883 suaml
1093 3829 1125 3884 10
1144 3831 1226 3899 etque
1244 3829 1353 3886 lucente
1374 3848 1414 3886 ae

268 3916 329 4020 luce
348 3922 358 3969 1
419 3916 590 3972 vcall'aciente
610 3917 666 3970 Vp
678 3924 701 3984 1,·
720 3917 896 3972 calefaciente
916 3916 1091 3987 cbel²pcc
1199 3922 1310 3972 curante
1329 3935 1380 3972 om.
1395 3936 1413 3972 6

271 4031 302 4086 16
322 4032 473 4096 1116616166,
492 4035 706 4102 supersem'ptum
720 4033 854 4087 1116666116
873 4033 997 4098 deletum,
1016 4034 1055 4101 V;
1073 4034 1099 4087 ui
1118 4038 1232 4088 naturae
1246 4051 1261 4087 e
1273 4036 1305 4088 ic
1318 4051 1412 4104 maro,

269 4120 278 4172 l
292 4125 325 4186 f;
340 4121 479 4174 uinctura
494 4141 524 4188 6,·
538 4122 580 4176 sui
594 4125 692 4175 natura
707 4139 725 4175 a
736 4122 751 4175 b
762 4138 775 4175 6
780 4139 802 4190 p
812 4127 847 4176 16
920 4123 964 4176 661
978 4121 1148 4176 incommodo
1163 4139 1214 4176 orn.
1230 4122 1246 4176 1
1301 4123 1337 4177 20
1350 4139 1411 4176 con·

268 4235 406 4290 uenientia
424 4236 451 4288 V
518 4202 610 4302 uidere
630 4238 656 4290 V
707 4239 741 4292 22
760 4239 786 4291 in
808 4239 881 4292 omni
898 4241 997 4292 nature
1014 4255 1044 4306 q;
1061 4239 1091 4294 in
1109 4239 1231 4294 omnium
1246 4245 1345 4293 natura
1363 4239 1412 4290 Va

268 4325 295 4375 et
309 4324 398 4391 specie
414 4325 439 4376 V
448 4343 475 4390 6,·
492 4327 609 4380 omnium
624 4331 781 4381 naturarum
791 4327 881 4397 specie
890 4327 1063 4382 combardum
1077 4344 1131 4382 eece
1144 4327 1410 4396 suspicaremur».
