3136 4934
419 433 469 486 De
499 433 672 486 ciuitate
701 431 761 486 dei
788 432 853 489 lib.
878 433 910 490 ll.
940 451 1014 502 cap.
1040 435 1064 488 1.
1245 437 1311 498 445

168 629 326 710 errorique
346 628 536 712 populorum
556 629 635 706 siue,
659 632 696 691 ut
715 629 759 692 ait
777 629 953 711 apostolus,
979 633 1255 694 euanescentes
1274 630 1311 692 in

168 736 472 821 cogitationibus
501 735 583 800 suis
611 736 730 799 multos
760 735 835 799 deos
866 734 1014 800 colendos
1043 735 1087 798 ita
1117 739 1312 816 putauerunt

167 844 220 908 uel
251 835 357 925 putari
388 843 568 920 uoluerunt,
606 846 643 906 ut
675 842 802 923 quidam
836 861 944 906 eorum
977 842 1071 905 etiam
1106 842 1312 906 daemonibus

167 951 293 1016 diuinos
317 949 450 1014 honores
474 968 634 1014 sacrorum
655 953 687 1013 et
706 949 929 1013 sacrificiorum
950 948 1132 1013 deferendos
1153 967 1222 1012 esse
1244 968 1312 1013 oen-

138 1063 282 1132 aserent,
317 1059 432 1141 quibus
466 1058 528 1121 iam
561 1076 621 1122 non
655 1075 752 1140 parua
779 1075 815 1119 ex
837 1061 927 1138 parte
955 1056 1191 1138 respondimus:
1230 1075 1313 1120 nuno

168 1165 340 1230 uidendum
369 1183 405 1230 ao
429 1164 647 1228 disserendum
677 1167 735 1231 est,
769 1167 922 1244 quantum
950 1163 1037 1227 Dens
1062 1163 1165 1240 donet,
1200 1165 1313 1226 inmor-

167 1273 307 1336 talesan
335 1271 419 1336 beati
446 1271 478 1335 in
508 1270 700 1335 coelestibus
729 1270 857 1334 sedibus
887 1269 1167 1346 dominationibus,
1200 1271 1312 1352 prinoi-

167 1379 294 1462 patibus
326 1377 540 1461 potestatibus
570 1376 746 1451 constituti,
781 1395 859 1457 quos
887 1377 942 1441 isti
972 1377 1047 1441 deos
1077 1379 1109 1440 et
1137 1375 1312 1458 exquibus

168 1485 320 1567 quosdam
346 1484 398 1548 uel
421 1484 520 1548 bonos
541 1483 708 1548 daemones
732 1485 785 1547 uel
804 1484 970 1549 nobiscnm
990 1483 1119 1568 angelos
1139 1484 1312 1560 nominent,

127 1613 151 1650 ro
169 1610 230 1673 quo
254 1592 348 1656 modo
374 1591 518 1656 credendi
544 1590 608 1654 sint
631 1590 714 1654 uelle
739 1611 756 1654 a
780 1591 870 1656 nobis
895 1591 1079 1674 religionem
1098 1592 1313 1672 pietatemque

169 1699 300 1775 seruari3
340 1698 399 1762 hoo
433 1700 491 1774 est,
525 1700 562 1760 ut
594 1697 732 1778 apertius
766 1697 878 1775 dioam,
912 1702 1019 1761 utrum
1053 1698 1147 1762 etiam
1182 1696 1242 1760 sibi
1275 1715 1312 1759 en

168 1809 290 1871 tantum
315 1804 383 1870 Deo
407 1823 476 1882 suo,
510 1803 564 1886 qni
593 1804 687 1867 etiem
717 1806 824 1868 noster
848 1808 906 1880 est,
939 1805 1063 1886 placeat
1091 1805 1137 1868 eis
1165 1809 1202 1868 ut
1226 1823 1315 1868 sacra

168 1913 322 1976 faciamus
347 1916 379 1976 et
402 1910 626 1988 sacrificemus
650 1911 702 1974 uel
727 1911 831 1992 aliqua
855 1915 962 1976 nostra
986 1931 1041 1975 seu
1062 1911 1224 1994 nosipsos
1244 1911 1313 1974 reli·

170 2020 271 2104 gionis
296 2018 409 2082 ritibus
434 2035 665 2083 consecremus.

126 2147 152 2188 ra
213 2126 275 2190 Hie
310 2128 360 2189 est
392 2125 475 2188 eninr
505 2124 662 2218 diuinitati
697 2124 759 2200 uel,
789 2124 816 2188 si
850 2125 1027 2208 expressius
1058 2125 1223 2190 dicendum
1254 2129 1313 2200 est,

170 2233 279 2296 deitati
300 2232 426 2295 debitus
451 2233 567 2306 uultus,
591 2234 829 2314 propterquam
854 2250 916 2296 uno
940 2233 1036 2296 uerbo
1062 2233 1314 2316 significandum,

171 2339 318 2422 quoniam
350 2337 427 2402 mihi
460 2337 538 2402 satis
568 2337 716 2402 idoneum
750 2359 809 2402 non
843 2340 979 2404 occurrit
1002 2340 1159 2414 Latinum,
1194 2340 1313 2406 Graeco

170 2446 224 2510 ubi
253 2463 382 2509 neeesse
412 2448 461 2510 est
483 2445 608 2508 insinuo
632 2445 708 2527 quid
737 2446 833 2509 uelim
863 2446 975 2510 dicere.
1023 2445 1172 2528 Λατρείαν
1197 2447 1314 2530 quippe

170 2552 280 2630 nostri,
304 2552 497 2634 ubicumque
522 2559 700 2615 sanctarum
726 2553 954 2634 scripturarum
974 2554 1114 2635 positum
1135 2559 1195 2631 est,
1220 2555 1313 2618 inter·

127 2681 153 2719 eo
169 2660 285 2743 prelati
310 2663 384 2722 sunt
408 2658 606 2722 seruitutem.
636 2657 697 2722 Sed
721 2677 757 2722 ea
780 2660 930 2739 seruitus,
956 2680 1034 2742 quae
1059 2659 1192 2724 debetur
1215 2662 1314 2725 homi-

169 2767 274 2842 nibus,
312 2764 486 2829 secundum
520 2784 614 2847 quam
647 2766 799 2848 praeeipit
833 2767 996 2849 apostolus
1034 2786 1143 2832 seruos
1179 2768 1314 2832 dominis

170 2875 237 2938 suis
257 2872 403 2938 subditos
423 2892 492 2937 esse
512 2873 635 2945 debere,
656 2874 717 2938 alio
736 2875 862 2939 nomine
884 2873 1001 2938 Graece
1021 2875 1194 2956 nuncupari
1214 2876 1313 2948 solet;

169 2980 292 3064 λατρεία
315 2999 390 3044 uero
424 2979 597 3044 seeundum
632 2981 903 3058 consuetudinem,
937 3000 999 3062 qua
1025 2980 1125 3046 locuti
1156 2985 1231 3044 snut
1261 2983 1315 3062 qui

169 3085 261 3150 nobis
291 3086 399 3150 diuina
432 3086 558 3168 eloquia
590 3086 807 3163 condiderunt,
841 3089 896 3152 aut
929 3107 1052 3170 semper·
1080 3090 1136 3151 ant
1163 3089 1228 3151 tum
1256 3087 1315 3152 sre-

126 3211 150 3251 ea
170 3195 300 3274 quanter
318 3195 356 3257 ut
378 3213 476 3276 paene
500 3212 624 3274 semper
648 3213 684 3256 ea
707 3193 823 3257 dicitur
845 3194 994 3269 seruitus,
1019 3211 1099 3274 quae
1122 3193 1258 3274 pertinet
1277 3193 1315 3257 ad

170 3299 338 3364 colendum
362 3299 476 3364 Deum.
507 3299 642 3364 Proinde
666 3300 693 3364 si
715 3300 936 3364 tantummodo
960 3299 1065 3364 orrltus
1089 3301 1157 3381 ipso
1182 3300 1314 3375 dicatur,

170 3424 231 3470 uon
256 3405 315 3470 soli
339 3406 406 3470 Deo
431 3406 536 3470 deberi
560 3406 696 3472 uidetur.
731 3407 873 3470 Dicimur
901 3407 983 3470 enim
1013 3405 1114 3470 colere
1143 3407 1237 3469 etiam
1261 3406 1315 3470 ho-

262 3651 275 3702 1
296 3649 371 3702 Rom.
394 3651 416 3711 l,
437 3650 467 3703 21
525 3651 557 3703 21
581 3650 678 3720 llphes.
698 3651 722 3713 6,
742 3653 757 3704 5

209 3807 298 3860 laia
351 3807 437 3875 erra]
458 3813 541 3875 autp
596 3808 687 3876 3uel]
709 3813 791 3876 autp
864 3808 1018 3875 uoluerunt,
1037 3811 1067 3862 r'rr
1081 3825 1167 3878 orarp.
1182 3808 1316 3868 uolunta

170 3896 372 3948 deenserintu
426 3895 552 3958 6donet,
573 3915 587 3950 e
607 3897 766 3959 aecorr.,b
822 3897 1052 3967 iprinoipntibus
1072 3897 1198 3952 om.ab¹
1251 3897 1315 3950 Set

169 4000 229 4052 sup.
250 3984 299 4040 lira.
320 4001 338 4036 a
376 3985 409 4036 10
428 3988 492 4036 sunt
511 3986 549 4038 ol
622 3985 691 4039 uelle
710 4003 725 4038 a
744 3984 822 4038 nobis
842 3984 932 4051 ab²l;
951 3985 994 4038 uel
1014 4001 1046 4038 oa
1064 3984 1143 4038 nobis
1157 4001 1218 4054 1η,-
1235 3986 1279 4039 uel
1300 4001 1316 4038 a

171 4073 642 4140 nobisb15uellecolianobisn
712 4077 744 4129 12
764 4075 802 4128 eis
821 4091 906 4131 ome
974 4076 1006 4128 16
1027 4076 1105 4128 unia
1175 4076 1206 4128 17
1227 4092 1315 4144 greco,

171 4161 203 4214 in
221 4179 402 4230 marp.graoo
422 4163 847 4228 nerbonecesseeinsinnenr,o
905 4163 936 4216 18
955 4163 1129 4217 latrianmsa.
1184 4164 1216 4217 21
1237 4179 1315 4232 prae·

172 4251 275 4318 capito
330 4252 448 4304 seruise
502 4253 536 4304 22
555 4253 691 4306 subiectos
711 4269 729 4305 α
784 4255 818 4306 24
837 4269 942 4321 semper
961 4257 1008 4304 aut
1027 4268 1105 4306 oms
1158 4255 1280 4308 tamone.
1298 4268 1316 4304 a

171 4340 205 4392 25
224 4343 273 4394 ant
292 4355 377 4409 paene
397 4357 461 4394 aee
534 4359 674 4397 osenna
747 4343 886 4395 dicaturb
941 4343 974 4395 27
994 4341 1120 4395 uideatur
1139 4340 1197 4396 ab²
