3136 4934
388 435 437 489 lle
466 435 639 491 ciuitate
667 436 728 490 dei
756 436 830 492 lib.=
845 437 934 492 VIIII.
959 454 1034 508 cap.
1058 438 1083 494 8.
1241 443 1306 508 419

610 631 746 698 CAPUT
770 632 856 697 VHI.

160 772 214 836 De
238 771 300 837 dis
332 773 589 838 caelestibus
620 773 944 838 etdaemonibus
975 774 1104 838 aeriis
1134 775 1304 840 bomini·

206 881 362 962 busque
386 880 565 946 terrenis
588 881 738 966 Apulei
761 880 971 946 Platonici
995 881 1255 946 definitione.

204 1023 308 1104 Quid?
354 1025 410 1090 illa
445 1025 516 1108 ipsa
555 1025 694 1090 definitio
729 1024 917 1090 daemonum
957 1043 1109 1108 parumne
1156 1025 1306 1090 intuenda

132 1137 208 1196 ¹sest
236 1131 305 1217 (ubi
333 1135 416 1198 certe
445 1151 553 1198 omnes
583 1131 817 1196 determinando
847 1133 1017 1213 conplexus
1047 1130 1120 1216 est),
1155 1131 1239 1214 quod
1263 1133 1307 1196 ait

160 1239 329 1304 daemones
353 1259 423 1304 esse
447 1258 561 1323 genere
585 1238 742 1317 animalia,
776 1239 878 1303 animo
907 1239 1045 1322 passiua,
1079 1241 1184 1303 mente
1212 1239 1306 1304 ratio-

159 1347 252 1425 nalia,
272 1367 401 1429 corpore
420 1347 513 1422 aeria,
539 1350 679 1429 tempore
699 1349 845 1412 aeterna?
870 1347 905 1410 In
926 1346 1043 1429 quibus
1064 1345 1203 1429 quinque
1223 1365 1306 1410 com·

161 1455 341 1520 memoratis
361 1454 440 1519 nihil
455 1454 534 1518 dixit
552 1454 689 1532 omnino,
715 1454 799 1536 quod
815 1453 984 1518 daemones
1000 1472 1071 1517 curn
1087 1452 1177 1517 bonis
1193 1453 1306 1518 saltem

159 1561 343 1628 hominibus
366 1561 400 1626 id
423 1561 606 1626 uiderentur
628 1560 742 1624 habere
767 1579 944 1638 commune,
974 1560 1057 1642 quod
1081 1578 1141 1626 non
1166 1563 1251 1624 esset
1274 1560 1305 1624 in
1354 1573 1357 1589 ¹

118 1693 142 1732 ro
158 1670 262 1736 malis.
299 1667 381 1734 Nam
409 1669 497 1751 ipsos
520 1667 664 1732 homines
693 1687 766 1730 eum
794 1665 956 1748 aliquanto
979 1666 1077 1732 latius
1101 1666 1305 1731 describendo

159 1777 420 1859 conplecteretur,
451 1794 509 1839 suo
537 1775 607 1840 loco
636 1774 674 1838 de
702 1773 768 1838 illis
798 1773 903 1838 dicens
932 1781 1094 1856 tamquam
1123 1773 1160 1840 do
1188 1773 1306 1839 infimis

158 1883 260 1965 adque
285 1881 426 1961 terrenis,
452 1901 524 1946 curn
547 1881 634 1965 prius
661 1881 794 1946 dixisset
812 1881 850 1946 de
870 1881 1062 1946 caelestibus
1083 1880 1142 1956 dis,
1167 1883 1204 1944 ut
1222 1900 1305 1945 com-

159 1989 316 2055 mendatis
341 1989 464 2053 duabus
487 1989 631 2072 partibus
661 2009 696 2053 ex
724 2009 849 2054 summo
874 1993 905 2053 et
928 1989 1034 2053 infimo
1064 1988 1187 2054 ultimis
1212 1989 1305 2054 tertio

157 2098 229 2161 loco
249 2096 287 2160 de
305 2095 418 2162 mediis
438 2096 645 2161 daemonibus
668 2096 865 2178 loqueretur:
884 2095 998 2180 ‘Igitur
1016 2095 1172 2172 homines,
1191 2095 1305 2178 inquit,

117 2226 141 2266 u
157 2203 279 2268 ratione
299 2204 452 2280 cluentes,
473 2204 612 2267 oratione
635 2202 802 2285 pollentes,
822 2202 1043 2266 inmortalibus
1068 2202 1190 2278 animis,
1214 2203 1305 2266 mori-

157 2308 274 2374 bundis
298 2309 459 2386 membris,
479 2310 606 2374 leuibus
631 2313 664 2374 et
682 2310 780 2374 anxiis
800 2309 971 2387 montibus,
990 2309 1093 2372 brutis
1113 2314 1146 2372 et
1165 2309 1304 2374 obnoxiis

159 2416 354 2499 corporibus,
388 2416 599 2481 dissimilibus
628 2416 780 2494 moribus,
814 2415 973 2479 similibus
1002 2414 1170 2492 erroribus,
1203 2417 1305 2498 perui-

159 2523 225 2588 euoi
246 2523 387 2600 audacia,
407 2523 560 2607 pertinaci
577 2543 643 2606 spe,
664 2541 754 2588 casso
772 2522 891 2600 labore,
910 2522 1035 2586 fortuna
1051 2521 1179 2598 caduca,
1196 2522 1305 2606 singil-

157 2630 248 2694 latim
265 2629 426 2709 mortales,
447 2631 553 2694 ouncti
569 2633 672 2694 tamen
689 2629 837 2692 uniuerso
858 2647 971 2713 genere
986 2628 1140 2712 perpetui,
1160 2628 1305 2694 uicissim

115 2760 140 2798 eo
159 2736 345 2800 sufficienda
371 2737 459 2819 prole
487 2736 668 2814 mutabiles,
697 2735 820 2800 uolucri
848 2739 999 2819 tempore,
1023 2733 1113 2798 tarda
1141 2735 1304 2815 sapientia,

160 2845 223 2907 cita
244 2847 357 2921 morto,
382 2844 515 2925 querula
538 2843 607 2907 uita
628 2846 727 2906 terras
751 2842 916 2906 incolunt)
939 2841 1019 2906 Cum
1043 2840 1094 2904 bic
1118 2844 1184 2905 tam
1203 2842 1306 2905 multa

159 2951 287 3032 diceret,
320 2967 400 3032 quae
425 2949 463 3014 ad
488 2949 641 3032 plurimos
666 2949 810 3012 homines
833 2949 1001 3031 pertinent,
1030 2945 1184 3028 numquid
1208 2945 1303 3010 etiam

158 3056 241 3120 illud
262 3056 375 3133 tacuit,
409 3055 492 3137 quod
517 3057 648 3120 nouerat
672 3073 741 3120 esse
768 3073 953 3136 paucorum,
988 3054 1042 3117 ubi
1066 3053 1111 3118 ait
1134 3053 1233 3117 ‘tarda
1256 3073 1303 3117 sa-

157 3163 306 3245 pientia'?
332 3159 425 3240 Quod
449 3161 476 3227 si
499 3161 774 3244 praetermisisset,
799 3161 887 3225 nullo
907 3159 1000 3226 modo
1019 3163 1106 3225 recte
1126 3179 1226 3245 genus
1246 3161 1302 3224 bu-

246 3449 318 3502 on,
337 3465 363 3518 p.
386 3448 427 3512 ro,
449 3447 481 3501 rs
539 3447 572 3500 14
590 3446 626 3501 ro.
646 3463 672 3516 p.
692 3447 716 3511 s,
737 3447 770 3499 ro

193 3625 339 3680 2aeris0
399 3625 573 3695 3platonica
592 3623 790 3677 definitioneO
842 3622 1014 3693 dgenerae¹
1080 3621 1305 3676 rationabiliores

158 3715 174 3769 8
193 3713 266 3786 quod
285 3731 361 3782 msc.‚·
380 3731 432 3782 quo
453 3711 848 3767 ιιαοίονο1)-ίὶίιπετο1ὶοιηὺ.2
937 3713 1028 3765 saltim
1048 3711 1058 3764 l
1130 3713 1146 3763 9
1165 3710 1193 3763 id
1212 3727 1263 3763 om.
1282 3727 1303 3770 s,

157 3805 348 3858 erasumine
404 3803 437 3858 10
457 3801 565 3856 disc-rib,
587 3803 608 3867 l;
629 3801 792 3858 conscribe
858 3803 889 3856 13
909 3801 1007 3854 inferno
1030 3800 1062 3854 0¹
1129 3799 1302 3853 mulcentes

157 3911 186 3958 ιη
204 3910 255 3946 cm.
271 3893 301 3959 b;
320 3891 478 3945 claudentes
496 3892 614 3959 lpsaf
632 3892 703 3958 (inp
718 3891 931 3958 superscriptum
945 3896 984 3943 est
998 3893 1134 3956 utentes),·
1152 3886 1304 3957 gaudentes

160 3981 493 4050 GDomb.,·plaudentes
514 3980 806 4050 aelc¹;prudentesq
877 3981 1000 4032 oratione
1020 3980 1104 4034 emb
1178 3995 1231 4042 non
1251 3977 1304 4042 dis-

155 4071 232 4140 lipito
252 4071 370 4138 bominis
389 4070 545 4140 plaudentis
565 4071 716 4139 orationeq
788 4069 923 4138 pollentes
941 4067 1124 4136 superscripto
1139 4066 1257 4120 fruentes
1274 4065 1306 4131 b;

156 4160 322 4229 pellentess
414 4161 445 4212 17
467 4159 593 4228 corporis,
613 4177 624 4212 s
644 4175 722 4211 orceo
741 4163 766 4212 et
784 4175 818 4214 m.
838 4173 888 4211 rec.
907 4157 1090 4226 eaperecapere
1110 4155 1168 4219 bus,
1192 4153 1226 4220 G,·
1245 4172 1302 4208 cor·

156 4251 241 4318 poris
314 4247 433 4302 moribus
454 4248 534 4300 simil.
548 4264 608 4316 sup.
625 4247 714 4300 lirnC
766 4248 800 4300 20
820 4245 1006 4300 sufficiendum
1021 4244 1165 4314 prolemG
1217 4245 1249 4296 21
1267 4245 1303 4298 ci·

154 4342 213 4392 tata
232 4339 257 4408 l;
274 4339 346 4392 itas
401 4339 434 4390 22
455 4336 537 4390 ctiam
556 4353 616 4404 sup.
637 4337 684 4391 lin.
705 4337 715 4388 l
770 4338 804 4390 24
824 4335 930 4389 nullus

1215 4438 1265 4492 27*
