3108 4926
644 417 670 470 S.
699 415 852 470 Aurelii
880 415 1098 484 Augustini

767 609 904 676 CAPUT
926 610 981 675 XI.

300 751 354 815 De
383 739 694 836 cognominibus
718 751 843 828 Iouis,
868 769 966 834 quae
994 742 1068 815 iron
1093 750 1136 815 ad
1159 751 1312 815 multos
1335 749 1425 826 deos,
1522 757 1523 788 ἒ

457 858 526 923 sed
551 857 597 922 ad
619 877 739 921 unum
763 857 1016 940 eundemque
1039 858 1287 922 referuntur.

342 999 496 1064 Dixerunt
529 1019 601 1064 eum
625 999 799 1075 Victorem,
827 999 999 1077 Inuictum,
1029 998 1206 1082 Opitulum,
1235 999 1425 1080 Inpulsorenr,
1522 971 1523 1056 Ῐ

300 1103 468 1183 Statorem,
493 1105 754 1189 centumpedam,
780 1104 974 1188 supinalem.
994 1105 1157 1190 Tigillum,
1177 1106 1318 1181 Almam,
1334 1101 1426 1168 Rumi-
1450 1125 1459 1164 r
1522 1093 1523 1186 ]

300 1231 376 1275 num
396 1215 428 1276 et
447 1212 507 1275 alia
526 1231 605 1294 quae
624 1211 773 1293 persequi
790 1211 923 1296 longum
943 1215 1001 1278 est.
1025 1212 1112 1276 Haeo
1132 1215 1238 1276 autem
1258 1209 1429 1294 cognomina

299 1319 507 1400 inposuerunt
539 1317 594 1383 uni
627 1319 685 1384 deo
718 1322 846 1401 propter
878 1337 990 1383 causus
1022 1321 1262 1402 potestatesque
1293 1317 1428 1390 diuersas,

300 1443 361 1490 non
383 1429 488 1490 tamen
513 1430 640 1509 propter
664 1429 711 1490 tot
730 1443 779 1488 res
800 1425 895 1489 etiam
914 1429 963 1488 tot
981 1425 1057 1489 deos
1078 1445 1150 1491 eum
1169 1444 1240 1490 esse
1260 1425 1427 1508 coegerunt:

301 1531 385 1614 quod
415 1532 519 1597 omnia
546 1533 696 1609 uinceret,
721 1530 805 1615 quod
835 1551 853 1595 a
880 1533 1004 1596 nemine
1031 1532 1220 1609 uinceretur,
1246 1531 1328 1613 quod
1350 1547 1429 1613 opem

299 1638 516 1722 indigentibus
544 1638 649 1716 serrat,
674 1637 759 1720 quod
788 1638 917 1703 haberet
944 1638 1125 1722 inpellendi,
1154 1638 1324 1715 statuendi,
1347 1634 1461 1702 stabi-ro
1522 1693 1523 1716 χ

298 1745 406 1822 liendi,
420 1743 624 1827 resupinandi
642 1748 844 1827 potestatem,
865 1743 949 1826 quod
967 1749 1128 1826 tamquam
1147 1744 1273 1828 tigillus
1291 1741 1429 1808 mundum
1522 1753 1523 1820 j

301 1851 476 1916 contineret
504 1869 539 1914 ao
568 1851 749 1928 sustineret,
779 1850 863 1932 quod
892 1852 991 1915 aleret
1024 1851 1138 1927 omnia,
1167 1851 1253 1933 quod
1284 1868 1379 1926 ruma,
1404 1847 1430 1911 id

300 1961 350 2022 est
371 1976 520 2035 mamma,
545 1956 643 2020 aleret
667 1956 821 2021 animalia
857 1957 893 2021 In
917 1957 978 2032 hie,
1002 1961 1039 2022 ut
1062 1957 1268 2034 aduertimus‚
1293 1953 1431 2039 quaedam

300 2083 415 2147 magna
443 2067 528 2142 sunt,
553 2063 706 2146 quaedam
736 2064 861 2148 exigua;
892 2067 1056 2127 ettamen
1083 2083 1166 2128 unus
1190 2068 1322 2146 utraque
1344 2063 1432 2127 farere

300 2169 492 2253 perhibetur.
538 2170 621 2235 Puto
655 2170 737 2234 inter
769 2189 803 2234 so
835 2170 1060 2253 propinquiora
1092 2189 1161 2236 esse
1194 2189 1306 2236 causas
1341 2186 1468 2234 remma

302 2277 402 2360 adque
429 2277 610 2358 primordia,
635 2282 763 2360 propter
790 2295 868 2359 quas
892 2295 942 2342 res
966 2296 1066 2340 unum
1088 2277 1244 2341 muudum
1268 2277 1347 2342 duos
1369 2276 1434 2339 deos
1522 2279 1523 2288 ’

302 2403 373 2448 esse
397 2384 578 2461 uoluerunt,
597 2384 707 2448 Iouem
732 2384 834 2468 adque
853 2384 976 2466 Ianum,
997 2402 1091 2465 quam
1115 2385 1275 2449 continere
1294 2382 1434 2448 mundum

303 2497 335 2554 et
361 2510 532 2554 mammam
561 2490 633 2555 dare
662 2490 866 2565 animalibus;
895 2510 952 2554 neo
975 2494 1080 2554 tumen
1104 2495 1232 2574 propter
1255 2491 1332 2556 haee
1354 2507 1435 2571 opera

303 2598 366 2663 duo
395 2601 461 2663 tam
488 2599 584 2682 longe
611 2598 693 2663 inter
721 2618 755 2662 se
782 2599 816 2662 ui
845 2601 877 2662 et
906 2598 1060 2682 dignitate
1088 2597 1215 2662 diuersa
1238 2599 1299 2664 duo
1324 2597 1355 2661 di
1375 2614 1435 2661 esse

303 2706 448 2788 conpulsi
468 2709 556 2782 sunt;
577 2705 633 2770 sed
651 2725 735 2770 uuus
754 2706 899 2789 Iuppiter
915 2708 1044 2788 propter
1061 2705 1142 2770 illud
1160 2706 1307 2790 tigillus,
1322 2707 1437 2788 propter
1449 2718 1470 2758 u
1522 2687 1523 2696 ¹

303 2812 383 2876 illud
405 2813 564 2878 Ruminus
593 2813 771 2896 appellatus
800 2816 860 2879 est.
896 2813 978 2878 Nolo
1008 2812 1121 2888 dicere,
1145 2813 1231 2896 quod
1259 2811 1435 2878 animalibus
1522 2817 1523 2906 ἐ

302 2939 474 2984 mammam
501 2918 650 3002 praebere
679 2919 869 3004 sugentibus
897 2918 999 3002 magis
1027 2918 1180 2982 Iunonem
1207 2918 1313 3001 potuit
1339 2917 1436 2982 desere

305 3043 400 3107 quam
421 3026 544 3102 Iouem,
567 3024 757 3108 praesertim
777 3044 849 3090 oum
873 3029 959 3090 esset
982 3024 1076 3090 etiam
1101 3024 1177 3090 diua
1198 3025 1344 3103 Rumina,
1368 3041 1436 3106 quae

304 3131 336 3195 io
364 3132 424 3195 hoo
453 3150 532 3214 opus
561 3131 753 3196 adiutorium
781 3131 831 3196 illi
862 3131 1093 3196 famulatumue
1126 3131 1299 3216 praeberet.
1337 3130 1437 3215 Cogito
1522 3125 1523 3130 ’

306 3239 390 3302 euim
422 3257 517 3320 posse
549 3239 742 3321 responderi,
770 3243 803 3303 et
834 3239 936 3321 ipsam
968 3240 1120 3303 Iunonem
1152 3238 1231 3302 nihil
1263 3237 1347 3303 aliud
1377 3252 1470 3301 esser

306 3363 400 3425 quam
441 3345 563 3424 Iouem,
601 3346 775 3411 secundum
816 3346 891 3410 illos
925 3345 1041 3410 Valerii
1084 3343 1195 3410 Sorani
1235 3365 1356 3423 uersus,
1390 3341 1437 3407 ubi

308 3451 516 3516 dictumest:

345 3747 359 3799 1
381 3744 410 3800 C.
429 3743 467 3798 XI
485 3761 615 3799 numme
633 3747 663 3799 r'n
681 3746 799 3799 Olunta
818 3747 903 3799 uerba
921 3747 997 3801 Haec
1015 3750 1105 3800 utitem
1125 3747 1142 3803 l.
1165 3751 1183 3802 6
1201 3750 1277 3802 atat
1328 3749 1345 3801 4
1361 3741 1437 3814 inpul-

308 3838 395 3889 torem
417 3833 711 3903 murmurarent
801 3835 988 3904 5tigillimd
1095 3836 1167 3890 almu
1185 3853 1219 3890 m.
1240 3837 1307 3891 2r'rr
1324 3829 1440 3904 Ματρί]
1522 3851 1523 3888 l

311 3924 342 3976 11
363 3922 538 3992 resupinandi
555 3939 616 3990 sup.
637 3923 685 3976 lin.
706 3923 728 3976 G
798 3922 910 3994 tigellus
934 3925 956 3975 C
1020 3925 1053 3977 12
1072 3925 1145 3994 quod
1162 3927 1249 3995 ruma]
1270 3919 1439 3994 quorumnal

311 4014 344 4066 15
363 4012 568 4082 propinquiores
589 4029 607 4064 a
699 4013 731 4065 17
752 4027 840 4080 quam,
860 4029 876 4065 a
893 4029 927 4064 m.
947 4016 967 4065 2
984 4013 1016 4064 in
1036 4029 1050 4066 e
1069 4029 1147 4077 corr,
1167 4031 1180 4066 e
1266 4015 1298 4068 18
1316 4013 1378 4067 hirec
1395 4009 1438 4064 duo

310 4117 419 4170 operav
473 4117 556 4168 opera
570 4117 620 4154 om.
639 4102 662 4156 0
696 4101 730 4156 20
744 4117 783 4168 sq.
797 4103 908 4170 propter
922 4100 990 4155 illud
1007 4101 1067 4168 Ov,·
1084 4107 1197 4172 propter
1214 4101 1266 4157 hoo
1284 4103 1340 4158 rell.
1351 4097 1437 4155 Durat.

311 4190 345 4242 22
366 4189 453 4242 dicere
473 4189 506 4242 el
578 4191 611 4242 23
631 4190 714 4243 etiam
733 4194 841 4258 essetq
921 4189 1002 4242 etiam
1022 4191 1104 4244 om.l
1185 4190 1280 4262 diutia,
1299 4194 1325 4244 in
1343 4183 1444 4244 erar..l·

312 4315 346 4366 24
366 4289 568 4378 famulatumue,
587 4315 618 4366 ira
637 4330 723 4384 marp.
744 4290 921 4378 stabulatum,
941 4331 955 4367 e
1008 4315 1043 4368 26
1063 4315 1148 4369 ualeri
1168 4315 1178 4368 Ζ
