<?xml version="1.0" encoding="UTF-8"?>
<!DOCTYPE html PUBLIC "-//W3C//DTD XHTML 1.0 Transitional//EN"
    "http://www.w3.org/TR/xhtml1/DTD/xhtml1-transitional.dtd">
<html xmlns="http://www.w3.org/1999/xhtml" xml:lang="en" lang="en">
 <head>
  <title>
</title>
<meta http-equiv="Content-Type" content="text/html;charset=utf-8" />
  <meta name='ocr-system' content='tesseract 3.04.00' />
  <meta name='ocr-capabilities' content='ocr_page ocr_carea ocr_par ocr_line ocrx_word'/>
</head>
<body>
  <div class='ocr_page' id='page_1' title='image "./corpusscriptoru20wiengoog_0434.png"; bbox 0 0 3136 4934; ppageno 0'>
   <div class='ocr_carea' id='block_1_1' title="bbox 382 426 1310 498">
    <p class='ocr_par' dir='ltr' id='par_1_1' title="bbox 382 426 1310 498">
     <span class='ocr_line' id='line_1_1' title="bbox 382 426 1310 498; baseline 0.004 -17"><span class='ocrx_word' id='word_1_1' title='bbox 382 428 430 481; x_wconf 85' lang='lat' dir='ltr'><strong>De</strong></span> <span class='ocrx_word' id='word_1_2' title='bbox 459 426 631 481; x_wconf 84' lang='lat' dir='ltr'><strong>ciuitate</strong></span> <span class='ocrx_word' id='word_1_3' title='bbox 660 426 721 480; x_wconf 90' lang='lat' dir='ltr'><strong>dei</strong></span> <span class='ocrx_word' id='word_1_4' title='bbox 749 427 812 481; x_wconf 94' lang='lat' dir='ltr'><strong>lib.</strong></span> <span class='ocrx_word' id='word_1_5' title='bbox 843 427 915 482; x_wconf 86' lang='lat' dir='ltr'>VIII.</span> <span class='ocrx_word' id='word_1_6' title='bbox 945 445 1019 498; x_wconf 85' lang='lat' dir='ltr'><strong>cap.</strong></span> <span class='ocrx_word' id='word_1_7' title='bbox 1048 429 1090 485; x_wconf 76' lang='lat'><strong>26.</strong></span> <span class='ocrx_word' id='word_1_8' title='bbox 1245 433 1310 496; x_wconf 76' lang='grc'><strong>403</strong></span> 
     </span>
    </p>
   </div>
   <div class='ocr_carea' id='block_1_2' title="bbox 125 621 1319 3372">
    <p class='ocr_par' dir='ltr' id='par_1_2' title="bbox 125 621 1319 3372">
     <span class='ocr_line' id='line_1_2' title="bbox 168 621 1314 706; baseline 0.003 -20"><span class='ocrx_word' id='word_1_9' title='bbox 168 623 237 699; x_wconf 81' lang='lat' dir='ltr'><strong>ista,</strong></span> <span class='ocrx_word' id='word_1_10' title='bbox 272 622 476 687; x_wconf 85' lang='lat' dir='ltr'><strong>sanctissime</strong></span> <span class='ocrx_word' id='word_1_11' title='bbox 499 621 591 686; x_wconf 89' lang='lat' dir='ltr'><strong>sedes</strong></span> <span class='ocrx_word' id='word_1_12' title='bbox 615 621 818 686; x_wconf 82' lang='lat' dir='ltr'><strong>delubrorum</strong></span> <span class='ocrx_word' id='word_1_13' title='bbox 843 622 943 704; x_wconf 88' lang='lat' dir='ltr'><strong>adque</strong></span> <span class='ocrx_word' id='word_1_14' title='bbox 973 623 1175 706; x_wconf 79' lang='lat' dir='ltr'><strong>templorum,</strong></span> <span class='ocrx_word' id='word_1_15' title='bbox 1210 628 1314 706; x_wconf 88' lang='lat' dir='ltr'><strong>sepul·</strong></span> 
     </span>
     <span class='ocr_line' id='line_1_3' title="bbox 168 727 1313 813; baseline 0.003 -21"><span class='ocrx_word' id='word_1_16' title='bbox 168 747 292 793; x_wconf 87' lang='lat' dir='ltr'><strong>crorum</strong></span> <span class='ocrx_word' id='word_1_17' title='bbox 317 727 376 794; x_wconf 88' lang='lat' dir='ltr'><strong>en&#39;t</strong></span> <span class='ocrx_word' id='word_1_18' title='bbox 398 731 658 810; x_wconf 82' lang='lat' dir='ltr'><strong>mortuorumque</strong></span> <span class='ocrx_word' id='word_1_19' title='bbox 683 727 888 812; x_wconf 67' lang='lat' dir='ltr'><strong>plenissima,</strong></span> <span class='ocrx_word' id='word_1_20' title='bbox 913 728 988 793; x_wconf 87' lang='lat' dir='ltr'><strong>deos</strong></span> <span class='ocrx_word' id='word_1_21' title='bbox 1009 731 1145 813; x_wconf 83' lang='lat' dir='ltr'><strong>Aegypti</strong></span> <span class='ocrx_word' id='word_1_22' title='bbox 1170 731 1313 796; x_wconf 89' lang='lat' dir='ltr'><strong>homines</strong></span> 
     </span>
     <span class='ocr_line' id='line_1_4' title="bbox 166 834 1314 918; baseline 0.003 -20"><span class='ocrx_word' id='word_1_23' title='bbox 166 839 310 900; x_wconf 90' lang='lat' dir='ltr'><strong>mortuos</strong></span> <span class='ocrx_word' id='word_1_24' title='bbox 335 853 404 899; x_wconf 82' lang='lat' dir='ltr'><strong>esse</strong></span> <span class='ocrx_word' id='word_1_25' title='bbox 427 838 574 900; x_wconf 83' lang='lat' dir='ltr'><strong>testetur.</strong></span> <span class='ocrx_word' id='word_1_26' title='bbox 606 834 685 900; x_wconf 88' lang='lat' dir='ltr'><strong>Cum</strong></span> <span class='ocrx_word' id='word_1_27' title='bbox 711 835 792 898; x_wconf 90' lang='lat' dir='ltr'><strong>enim</strong></span> <span class='ocrx_word' id='word_1_28' title='bbox 818 835 949 900; x_wconf 81' lang='lat' dir='ltr'>dixisset</span> <span class='ocrx_word' id='word_1_29' title='bbox 974 855 1109 918; x_wconf 89' lang='lat' dir='ltr'><strong>proauos</strong></span> <span class='ocrx_word' id='word_1_30' title='bbox 1135 856 1210 902; x_wconf 87' lang='lat' dir='ltr'><strong>suos</strong></span> <span class='ocrx_word' id='word_1_31' title='bbox 1234 839 1314 902; x_wconf 91' lang='lat' dir='ltr'><strong>mul·</strong></span> 
     </span>
     <span class='ocr_line' id='line_1_5' title="bbox 167 941 1314 1018; baseline 0.002 -12"><span class='ocrx_word' id='word_1_32' title='bbox 167 947 235 1006; x_wconf 89' lang='lat' dir='ltr'><strong>tum</strong></span> <span class='ocrx_word' id='word_1_33' title='bbox 256 945 396 1006; x_wconf 77' lang='lat' dir='ltr'><strong>errantes</strong></span> <span class='ocrx_word' id='word_1_34' title='bbox 417 942 499 1006; x_wconf 89' lang='lat' dir='ltr'><strong>circa</strong></span> <span class='ocrx_word' id='word_1_35' title='bbox 516 941 646 1006; x_wconf 92' lang='lat' dir='ltr'><strong>deorum</strong></span> <span class='ocrx_word' id='word_1_36' title='bbox 666 942 831 1018; x_wconf 80' lang='lat' dir='ltr'><strong>tattonem,</strong></span> <span class='ocrx_word' id='word_1_37' title='bbox 856 941 1035 1006; x_wconf 86' lang='lat' dir='ltr'><strong>incredulos</strong></span> <span class='ocrx_word' id='word_1_38' title='bbox 1052 947 1084 1006; x_wconf 95' lang='lat' dir='ltr'><strong>et</strong></span> <span class='ocrx_word' id='word_1_39' title='bbox 1098 963 1157 1006; x_wconf 90' lang='lat' dir='ltr'><strong>non</strong></span> <span class='ocrx_word' id='word_1_40' title='bbox 1178 945 1314 1008; x_wconf 83' lang='lat' dir='ltr'><strong>animad-</strong></span> 
     </span>
     <span class='ocr_line' id='line_1_6' title="bbox 139 1047 1314 1132; baseline 0.003 -22"><span class='ocrx_word' id='word_1_41' title='bbox 139 1052 329 1112; x_wconf 75' lang='lat' dir='ltr'><strong>euertentes</strong></span> <span class='ocrx_word' id='word_1_42' title='bbox 354 1047 391 1112; x_wconf 88' lang='lat' dir='ltr'><strong>ed</strong></span> <span class='ocrx_word' id='word_1_43' title='bbox 417 1049 538 1112; x_wconf 91' lang='lat' dir='ltr'><strong>cultum</strong></span> <span class='ocrx_word' id='word_1_44' title='bbox 563 1047 810 1132; x_wconf 86' lang='lat' dir='ltr'><strong>religionemque</strong></span> <span class='ocrx_word' id='word_1_45' title='bbox 835 1047 986 1124; x_wconf 88' lang='lat' dir='ltr'><strong>diuinam,</strong></span> <span class='ocrx_word' id='word_1_46' title='bbox 1019 1049 1179 1114; x_wconf 85' lang='lat' dir='ltr'><strong>inuenisse</strong></span> <span class='ocrx_word' id='word_1_47' title='bbox 1204 1057 1314 1124; x_wconf 81' lang='lat' dir='ltr'><strong>artem,</strong></span> 
     </span>
     <span class='ocr_line' id='line_1_7' title="bbox 167 1154 1314 1238; baseline 0.003 -20"><span class='ocrx_word' id='word_1_48' title='bbox 167 1175 227 1237; x_wconf 88' lang='lat' dir='ltr'><strong>qua</strong></span> <span class='ocrx_word' id='word_1_49' title='bbox 248 1155 407 1219; x_wconf 85' lang='lat' dir='ltr'><strong>efficerent</strong></span> <span class='ocrx_word' id='word_1_50' title='bbox 425 1154 516 1220; x_wconf 87' lang='lat' dir='ltr'><strong>deos:</strong></span> <span class='ocrx_word' id='word_1_51' title='bbox 532 1154 602 1220; x_wconf 82' lang='lat' dir='ltr'><strong>‘Cui</strong></span> <span class='ocrx_word' id='word_1_52' title='bbox 622 1155 780 1234; x_wconf 84' lang='lat' dir='ltr'><strong>inuentae,</strong></span> <span class='ocrx_word' id='word_1_53' title='bbox 800 1156 915 1238; x_wconf 77' lang='lat' dir='ltr'><strong>inquit,</strong></span> <span class='ocrx_word' id='word_1_54' title='bbox 936 1156 1143 1221; x_wconf 83' lang='lat' dir='ltr'><strong>adiunxemnt</strong></span> <span class='ocrx_word' id='word_1_55' title='bbox 1162 1156 1314 1222; x_wconf 88' lang='lat' dir='ltr'><strong>uirtutem</strong></span> 
     </span>
     <span class='ocr_line' id='line_1_8' title="bbox 167 1261 1312 1346; baseline 0.004 -22"><span class='ocrx_word' id='word_1_56' title='bbox 167 1263 205 1326; x_wconf 87' lang='lat' dir='ltr'><strong>de</strong></span> <span class='ocrx_word' id='word_1_57' title='bbox 228 1261 339 1326; x_wconf 89' lang='lat' dir='ltr'><strong>mundi</strong></span> <span class='ocrx_word' id='word_1_58' title='bbox 370 1264 486 1325; x_wconf 86' lang='lat' dir='ltr'><strong>natura·</strong></span> <span class='ocrx_word' id='word_1_59' title='bbox 514 1262 751 1326; x_wconf 86' lang='lat' dir='ltr'><strong>conuenientem</strong></span> <span class='ocrx_word' id='word_1_60' title='bbox 785 1281 915 1344; x_wconf 89' lang='lat' dir='ltr'><strong>eamque</strong></span> <span class='ocrx_word' id='word_1_61' title='bbox 948 1263 1129 1340; x_wconf 79' lang='lat' dir='ltr'><strong>miscentes,</strong></span> <span class='ocrx_word' id='word_1_62' title='bbox 1163 1265 1312 1346; x_wconf 91' lang='lat' dir='ltr'><strong>quoniam</strong></span> 
     </span>
     <span class='ocr_line' id='line_1_9' title="bbox 168 1368 1316 1451; baseline 0.001 -18"><span class='ocrx_word' id='word_1_63' title='bbox 168 1369 289 1434; x_wconf 85' lang='lat' dir='ltr'><strong>animas</strong></span> <span class='ocrx_word' id='word_1_64' title='bbox 312 1368 415 1432; x_wconf 86' lang='lat' dir='ltr'><strong>fecere</strong></span> <span class='ocrx_word' id='word_1_65' title='bbox 438 1387 499 1432; x_wconf 91' lang='lat' dir='ltr'><strong>non</strong></span> <span class='ocrx_word' id='word_1_66' title='bbox 524 1371 678 1451; x_wconf 85' lang='lat' dir='ltr'><strong>poterunt,</strong></span> <span class='ocrx_word' id='word_1_67' title='bbox 704 1372 873 1434; x_wconf 85' lang='lat' dir='ltr'><strong>enecantes</strong></span> <span class='ocrx_word' id='word_1_68' title='bbox 902 1369 1021 1434; x_wconf 85' lang='lat' dir='ltr'><strong>animas</strong></span> <span class='ocrx_word' id='word_1_69' title='bbox 1046 1369 1233 1435; x_wconf 86' lang='lat' dir='ltr'><strong>daemonum</strong></span> <span class='ocrx_word' id='word_1_70' title='bbox 1263 1370 1316 1436; x_wconf 88' lang='lat' dir='ltr'><strong>nel</strong></span> 
     </span>
     <span class='ocr_line' id='line_1_10' title="bbox 167 1475 1315 1561; baseline 0.002 -22"><span class='ocrx_word' id='word_1_71' title='bbox 167 1476 353 1559; x_wconf 83' lang='lat' dir='ltr'><strong>augelorum</strong></span> <span class='ocrx_word' id='word_1_72' title='bbox 386 1493 437 1540; x_wconf 88' lang='lat' dir='ltr'><strong>eus</strong></span> <span class='ocrx_word' id='word_1_73' title='bbox 468 1475 648 1540; x_wconf 90' lang='lat' dir='ltr'><strong>indiderunt</strong></span> <span class='ocrx_word' id='word_1_74' title='bbox 678 1475 871 1559; x_wconf 85' lang='lat' dir='ltr'><strong>imaginibus</strong></span> <span class='ocrx_word' id='word_1_75' title='bbox 903 1478 1021 1541; x_wconf 87' lang='lat' dir='ltr'><strong>sanctis</strong></span> <span class='ocrx_word' id='word_1_76' title='bbox 1045 1477 1226 1559; x_wconf 85' lang='lat' dir='ltr'><strong>diuinisque</strong></span> <span class='ocrx_word' id='word_1_77' title='bbox 1249 1498 1315 1561; x_wconf 88' lang='lat' dir='ltr'><strong>my·</strong></span> 
     </span>
     <span class='ocr_line' id='line_1_11' title="bbox 127 1582 1315 1665; baseline 0.005 -23"><span class='ocrx_word' id='word_1_78' title='bbox 127 1607 150 1642; x_wconf 83' lang='lat' dir='ltr'><strong>ro</strong></span> <span class='ocrx_word' id='word_1_79' title='bbox 168 1582 286 1660; x_wconf 77' lang='lat' dir='ltr'><strong>storiis,</strong></span> <span class='ocrx_word' id='word_1_80' title='bbox 319 1601 375 1665; x_wconf 91' lang='lat' dir='ltr'><strong>per</strong></span> <span class='ocrx_word' id='word_1_81' title='bbox 399 1601 476 1665; x_wconf 86' lang='lat' dir='ltr'><strong>quas</strong></span> <span class='ocrx_word' id='word_1_82' title='bbox 500 1582 586 1646; x_wconf 86' lang='lat' dir='ltr'><strong>idola</strong></span> <span class='ocrx_word' id='word_1_83' title='bbox 610 1589 642 1646; x_wconf 90' lang='lat' dir='ltr'><strong>et</strong></span> <span class='ocrx_word' id='word_1_84' title='bbox 664 1583 742 1648; x_wconf 90' lang='lat' dir='ltr'><strong>bene</strong></span> <span class='ocrx_word' id='word_1_85' title='bbox 765 1583 900 1646; x_wconf 87' lang='lat' dir='ltr'><strong>faciendi</strong></span> <span class='ocrx_word' id='word_1_86' title='bbox 931 1587 963 1648; x_wconf 88' lang='lat' dir='ltr'><strong>et</strong></span> <span class='ocrx_word' id='word_1_87' title='bbox 988 1583 1067 1647; x_wconf 90' lang='lat' dir='ltr'><strong>mele</strong></span> <span class='ocrx_word' id='word_1_88' title='bbox 1093 1583 1176 1647; x_wconf 90' lang='lat' dir='ltr'><strong>uires</strong></span> <span class='ocrx_word' id='word_1_89' title='bbox 1201 1585 1315 1648; x_wconf 85' lang='lat' dir='ltr'><strong>babere</strong></span> 
     </span>
     <span class='ocr_line' id='line_1_12' title="bbox 167 1689 1315 1774; baseline 0 -20"><span class='ocrx_word' id='word_1_90' title='bbox 167 1689 373 1770; x_wconf 85' lang='lat' dir='ltr'><strong>potuissent‘</strong></span> <span class='ocrx_word' id='word_1_91' title='bbox 390 1689 511 1754; x_wconf 81' lang='lat' dir='ltr'><strong>Deinde</strong></span> <span class='ocrx_word' id='word_1_92' title='bbox 535 1690 678 1770; x_wconf 86' lang='lat' dir='ltr'><strong>sequitur</strong></span> <span class='ocrx_word' id='word_1_93' title='bbox 697 1693 858 1771; x_wconf 86' lang='lat' dir='ltr'><strong>tamquam</strong></span> <span class='ocrx_word' id='word_1_94' title='bbox 877 1689 937 1755; x_wconf 90' lang='lat' dir='ltr'><strong>boc</strong></span> <span class='ocrx_word' id='word_1_95' title='bbox 958 1691 1107 1772; x_wconf 83' lang='lat' dir='ltr'><strong>exemplis</strong></span> <span class='ocrx_word' id='word_1_96' title='bbox 1126 1691 1315 1774; x_wconf 80' lang='lat' dir='ltr'><strong>probaturus</strong></span> 
     </span>
     <span class='ocr_line' id='line_1_13' title="bbox 168 1795 1315 1879; baseline 0 -19"><span class='ocrx_word' id='word_1_97' title='bbox 168 1799 201 1860; x_wconf 89' lang='lat' dir='ltr'><strong>et</strong></span> <span class='ocrx_word' id='word_1_98' title='bbox 225 1795 317 1860; x_wconf 89' lang='lat' dir='ltr'><strong>dicit:</strong></span> <span class='ocrx_word' id='word_1_99' title='bbox 350 1795 450 1860; x_wconf 84' lang='lat' dir='ltr'><strong>‘Aous</strong></span> <span class='ocrx_word' id='word_1_100' title='bbox 475 1795 558 1860; x_wconf 89' lang='lat' dir='ltr'><strong>enim</strong></span> <span class='ocrx_word' id='word_1_101' title='bbox 587 1797 673 1873; x_wconf 85' lang='lat' dir='ltr'><strong>tuus,</strong></span> <span class='ocrx_word' id='word_1_102' title='bbox 707 1795 886 1878; x_wconf 67' lang='lat' dir='ltr'><strong>ubsolam,</strong></span> <span class='ocrx_word' id='word_1_103' title='bbox 918 1797 1093 1861; x_wconf 82' lang='lat' dir='ltr'><strong>medIcinuc</strong></span> <span class='ocrx_word' id='word_1_104' title='bbox 1120 1797 1241 1879; x_wconf 86' lang='lat' dir='ltr'><strong>primus</strong></span> <span class='ocrx_word' id='word_1_105' title='bbox 1271 1797 1315 1862; x_wconf 93' lang='lat' dir='ltr'><strong>in·</strong></span> 
     </span>
     <span class='ocr_line' id='line_1_14' title="bbox 169 1903 1316 1986; baseline 0.002 -20"><span class='ocrx_word' id='word_1_106' title='bbox 169 1907 292 1981; x_wconf 73' lang='lat' dir='ltr'><strong>uenter,</strong></span> <span class='ocrx_word' id='word_1_107' title='bbox 327 1903 379 1967; x_wconf 92' lang='lat' dir='ltr'><strong>cui</strong></span> <span class='ocrx_word' id='word_1_108' title='bbox 402 1903 559 1985; x_wconf 86' lang='lat' dir='ltr'><strong>ternplum</strong></span> <span class='ocrx_word' id='word_1_109' title='bbox 584 1909 802 1968; x_wconf 83' lang='lat' dir='ltr'><strong>consecratum</strong></span> <span class='ocrx_word' id='word_1_110' title='bbox 833 1908 882 1967; x_wconf 88' lang='lat' dir='ltr'><strong>est</strong></span> <span class='ocrx_word' id='word_1_111' title='bbox 905 1905 935 1967; x_wconf 94' lang='lat' dir='ltr'><strong>in</strong></span> <span class='ocrx_word' id='word_1_112' title='bbox 961 1907 1066 1968; x_wconf 90' lang='lat' dir='ltr'><strong>monte</strong></span> <span class='ocrx_word' id='word_1_113' title='bbox 1090 1904 1207 1986; x_wconf 85' lang='lat' dir='ltr'><strong>Libyae</strong></span> <span class='ocrx_word' id='word_1_114' title='bbox 1233 1904 1316 1968; x_wconf 87' lang='lat' dir='ltr'><strong>circe</strong></span> 
     </span>
     <span class='ocr_line' id='line_1_15' title="bbox 166 2005 1318 2091; baseline 0.001 -17"><span class='ocrx_word' id='word_1_115' title='bbox 166 2011 246 2074; x_wconf 81' lang='lat' dir='ltr'><strong>Iltus</strong></span> <span class='ocrx_word' id='word_1_116' title='bbox 271 2005 511 2088; x_wconf 79' lang='lat' dir='ltr'><strong>crocodilorum,</strong></span> <span class='ocrx_word' id='word_1_117' title='bbox 534 2009 565 2072; x_wconf 92' lang='lat' dir='ltr'><strong>in</strong></span> <span class='ocrx_word' id='word_1_118' title='bbox 591 2029 652 2091; x_wconf 88' lang='lat' dir='ltr'><strong>quo</strong></span> <span class='ocrx_word' id='word_1_119' title='bbox 678 2011 745 2074; x_wconf 87' lang='lat' dir='ltr'><strong>eius</strong></span> <span class='ocrx_word' id='word_1_120' title='bbox 769 2010 853 2074; x_wconf 89' lang='lat' dir='ltr'><strong>iacet</strong></span> <span class='ocrx_word' id='word_1_121' title='bbox 876 2010 1052 2075; x_wconf 87' lang='lat' dir='ltr'><strong>mundanus</strong></span> <span class='ocrx_word' id='word_1_122' title='bbox 1077 2010 1182 2088; x_wconf 83' lang='lat' dir='ltr'><strong>bomo,</strong></span> <span class='ocrx_word' id='word_1_123' title='bbox 1211 2011 1243 2074; x_wconf 92' lang='lat' dir='ltr'><strong>id</strong></span> <span class='ocrx_word' id='word_1_124' title='bbox 1268 2015 1318 2075; x_wconf 92' lang='lat' dir='ltr'><strong>est</strong></span> 
     </span>
     <span class='ocr_line' id='line_1_16' title="bbox 127 2117 1316 2200; baseline 0.003 -21"><span class='ocrx_word' id='word_1_125' title='bbox 127 2137 300 2200; x_wconf 75' lang='lat' dir='ltr'><strong>recorpus3</strong></span> <span class='ocrx_word' id='word_1_126' title='bbox 334 2118 476 2198; x_wconf 88' lang='lat' dir='ltr'><strong>reliquus</strong></span> <span class='ocrx_word' id='word_1_127' title='bbox 506 2117 598 2192; x_wconf 83' lang='lat' dir='ltr'><strong>onim,</strong></span> <span class='ocrx_word' id='word_1_128' title='bbox 633 2117 685 2180; x_wconf 89' lang='lat' dir='ltr'><strong>nel</strong></span> <span class='ocrx_word' id='word_1_129' title='bbox 713 2117 821 2198; x_wconf 88' lang='lat' dir='ltr'><strong>potius</strong></span> <span class='ocrx_word' id='word_1_130' title='bbox 850 2121 949 2192; x_wconf 80' lang='lat' dir='ltr'><strong>totae,</strong></span> <span class='ocrx_word' id='word_1_131' title='bbox 981 2117 1008 2180; x_wconf 88' lang='lat' dir='ltr'><strong>si</strong></span> <span class='ocrx_word' id='word_1_132' title='bbox 1037 2120 1087 2180; x_wconf 88' lang='lat' dir='ltr'><strong>est</strong></span> <span class='ocrx_word' id='word_1_133' title='bbox 1109 2118 1203 2182; x_wconf 92' lang='lat' dir='ltr'><strong>borno</strong></span> <span class='ocrx_word' id='word_1_134' title='bbox 1228 2121 1316 2182; x_wconf 86' lang='lat' dir='ltr'><strong>totus</strong></span> 
     </span>
     <span class='ocr_line' id='line_1_17' title="bbox 167 2223 1317 2300; baseline 0.001 -13"><span class='ocrx_word' id='word_1_135' title='bbox 167 2225 200 2288; x_wconf 92' lang='lat' dir='ltr'><strong>in</strong></span> <span class='ocrx_word' id='word_1_136' title='bbox 225 2243 321 2289; x_wconf 88' lang='lat' dir='ltr'><strong>sensu</strong></span> <span class='ocrx_word' id='word_1_137' title='bbox 345 2225 440 2300; x_wconf 79' lang='lat' dir='ltr'><strong>uitae,</strong></span> <span class='ocrx_word' id='word_1_138' title='bbox 465 2224 578 2288; x_wconf 89' lang='lat' dir='ltr'><strong>melior</strong></span> <span class='ocrx_word' id='word_1_139' title='bbox 596 2223 751 2288; x_wconf 86' lang='lat' dir='ltr'><strong>remeauit</strong></span> <span class='ocrx_word' id='word_1_140' title='bbox 773 2224 804 2288; x_wconf 93' lang='lat' dir='ltr'><strong>in</strong></span> <span class='ocrx_word' id='word_1_141' title='bbox 830 2225 963 2300; x_wconf 82' lang='lat' dir='ltr'><strong>caelum,</strong></span> <span class='ocrx_word' id='word_1_142' title='bbox 988 2223 1092 2288; x_wconf 85' lang='lat' dir='ltr'><strong>omnia</strong></span> <span class='ocrx_word' id='word_1_143' title='bbox 1116 2225 1210 2288; x_wconf 89' lang='lat' dir='ltr'><strong>etiam</strong></span> <span class='ocrx_word' id='word_1_144' title='bbox 1234 2241 1317 2288; x_wconf 88' lang='lat' dir='ltr'><strong>nunc</strong></span> 
     </span>
     <span class='ocr_line' id='line_1_18' title="bbox 168 2329 1316 2413; baseline 0.001 -19"><span class='ocrx_word' id='word_1_145' title='bbox 168 2329 352 2396; x_wconf 89' lang='lat' dir='ltr'><strong>bominibus</strong></span> <span class='ocrx_word' id='word_1_146' title='bbox 385 2330 566 2395; x_wconf 84' lang='lat' dir='ltr'><strong>adiumenta</strong></span> <span class='ocrx_word' id='word_1_147' title='bbox 598 2335 761 2413; x_wconf 87' lang='lat' dir='ltr'><strong>praestans</strong></span> <span class='ocrx_word' id='word_1_148' title='bbox 801 2331 932 2394; x_wconf 88' lang='lat' dir='ltr'><strong>infirmis</strong></span> <span class='ocrx_word' id='word_1_149' title='bbox 966 2331 1094 2395; x_wconf 83' lang='lat' dir='ltr'><strong>numme</strong></span> <span class='ocrx_word' id='word_1_150' title='bbox 1128 2351 1209 2395; x_wconf 90' lang='lat' dir='ltr'><strong>nunc</strong></span> <span class='ocrx_word' id='word_1_151' title='bbox 1247 2351 1316 2405; x_wconf 83' lang='lat' dir='ltr'><strong>suc,</strong></span> 
     </span>
     <span class='ocr_line' id='line_1_19' title="bbox 168 2436 1318 2521; baseline -0.001 -20"><span class='ocrx_word' id='word_1_152' title='bbox 168 2457 250 2521; x_wconf 89' lang='lat' dir='ltr'><strong>qnae</strong></span> <span class='ocrx_word' id='word_1_153' title='bbox 273 2438 379 2503; x_wconf 88' lang='lat' dir='ltr'><strong>solent</strong></span> <span class='ocrx_word' id='word_1_154' title='bbox 400 2437 573 2502; x_wconf 83' lang='lat' dir='ltr'><strong>medicinae</strong></span> <span class='ocrx_word' id='word_1_155' title='bbox 598 2441 663 2502; x_wconf 89' lang='lat' dir='ltr'><strong>arte</strong></span> <span class='ocrx_word' id='word_1_156' title='bbox 687 2437 853 2520; x_wconf 65' lang='lat' dir='ltr'><strong>praeberi?</strong></span> <span class='ocrx_word' id='word_1_157' title='bbox 870 2437 952 2501; x_wconf 81' lang='lat' dir='ltr'><strong>llcce</strong></span> <span class='ocrx_word' id='word_1_158' title='bbox 972 2436 1050 2501; x_wconf 80' lang='lat' dir='ltr'><strong>dixu</strong></span> <span class='ocrx_word' id='word_1_159' title='bbox 1073 2441 1235 2502; x_wconf 89' lang='lat' dir='ltr'><strong>mortuum</strong></span> <span class='ocrx_word' id='word_1_160' title='bbox 1255 2438 1318 2501; x_wconf 88' lang='lat' dir='ltr'><strong>coli</strong></span> 
     </span>
     <span class='ocr_line' id='line_1_20' title="bbox 168 2543 1318 2628; baseline -0.002 -21"><span class='ocrx_word' id='word_1_161' title='bbox 168 2563 225 2628; x_wconf 89' lang='lat' dir='ltr'><strong>pro</strong></span> <span class='ocrx_word' id='word_1_162' title='bbox 250 2543 308 2608; x_wconf 92' lang='lat' dir='ltr'><strong>deo</strong></span> <span class='ocrx_word' id='word_1_163' title='bbox 333 2543 364 2606; x_wconf 88' lang='lat' dir='ltr'><strong>in</strong></span> <span class='ocrx_word' id='word_1_164' title='bbox 389 2563 425 2608; x_wconf 88' lang='lat' dir='ltr'><strong>eo</strong></span> <span class='ocrx_word' id='word_1_165' title='bbox 449 2543 530 2619; x_wconf 77' lang='lat' dir='ltr'><strong>loce,</strong></span> <span class='ocrx_word' id='word_1_166' title='bbox 555 2544 610 2607; x_wconf 93' lang='lat' dir='ltr'><strong>ubi</strong></span> <span class='ocrx_word' id='word_1_167' title='bbox 634 2544 770 2607; x_wconf 86' lang='lat' dir='ltr'><strong>babebat</strong></span> <span class='ocrx_word' id='word_1_168' title='bbox 793 2545 987 2625; x_wconf 85' lang='lat' dir='ltr'><strong>sepulcrum,</strong></span> <span class='ocrx_word' id='word_1_169' title='bbox 1012 2543 1112 2606; x_wconf 86' lang='lat' dir='ltr'><strong>falsus</strong></span> <span class='ocrx_word' id='word_1_170' title='bbox 1138 2561 1174 2606; x_wconf 89' lang='lat' dir='ltr'><strong>ac</strong></span> <span class='ocrx_word' id='word_1_171' title='bbox 1193 2543 1318 2619; x_wconf 70' lang='lat' dir='ltr'><strong>fallens,</strong></span> 
     </span>
     <span class='ocr_line' id='line_1_21' title="bbox 126 2648 1316 2735; baseline -0.004 -19"><span class='ocrx_word' id='word_1_172' title='bbox 126 2677 150 2716; x_wconf 79' lang='lat' dir='ltr'><strong>ao</strong></span> <span class='ocrx_word' id='word_1_173' title='bbox 168 2651 257 2735; x_wconf 88' lang='lat' dir='ltr'><strong>quod</strong></span> <span class='ocrx_word' id='word_1_174' title='bbox 280 2651 434 2716; x_wconf 87' lang='lat' dir='ltr'><strong>remeauit</strong></span> <span class='ocrx_word' id='word_1_175' title='bbox 465 2651 496 2714; x_wconf 93' lang='lat' dir='ltr'><strong>in</strong></span> <span class='ocrx_word' id='word_1_176' title='bbox 521 2651 654 2715; x_wconf 87' lang='lat' dir='ltr'><strong>caelum.</strong></span> <span class='ocrx_word' id='word_1_177' title='bbox 702 2650 886 2733; x_wconf 81' lang='lat' dir='ltr'><strong>Adiungeus</strong></span> <span class='ocrx_word' id='word_1_178' title='bbox 916 2648 1026 2714; x_wconf 89' lang='lat' dir='ltr'><strong>deinde</strong></span> <span class='ocrx_word' id='word_1_179' title='bbox 1051 2649 1137 2713; x_wconf 90' lang='lat' dir='ltr'><strong>aliud</strong></span> <span class='ocrx_word' id='word_1_180' title='bbox 1161 2649 1316 2725; x_wconf 69' lang='lat' dir='ltr'><strong>‘Hermes</strong></span> 
     </span>
     <span class='ocr_line' id='line_1_22' title="bbox 167 2755 1317 2842; baseline -0.005 -18"><span class='ocrx_word' id='word_1_181' title='bbox 167 2759 283 2842; x_wconf 81' lang='lat' dir='ltr'><strong>inquIt,</strong></span> <span class='ocrx_word' id='word_1_182' title='bbox 318 2758 410 2822; x_wconf 90' lang='lat' dir='ltr'><strong>cuius</strong></span> <span class='ocrx_word' id='word_1_183' title='bbox 444 2758 565 2822; x_wconf 82' lang='lat' dir='ltr'><strong>auitum</strong></span> <span class='ocrx_word' id='word_1_184' title='bbox 600 2757 677 2822; x_wconf 83' lang='lat' dir='ltr'><strong>mibi</strong></span> <span class='ocrx_word' id='word_1_185' title='bbox 711 2777 822 2822; x_wconf 85' lang='lat' dir='ltr'><strong>nomen</strong></span> <span class='ocrx_word' id='word_1_186' title='bbox 849 2761 907 2832; x_wconf 88' lang='lat' dir='ltr'><strong>est,</strong></span> <span class='ocrx_word' id='word_1_187' title='bbox 938 2776 1037 2820; x_wconf 90' lang='lat' dir='ltr'><strong>nonne</strong></span> <span class='ocrx_word' id='word_1_188' title='bbox 1062 2755 1094 2820; x_wconf 90' lang='lat' dir='ltr'><strong>in</strong></span> <span class='ocrx_word' id='word_1_189' title='bbox 1119 2756 1179 2819; x_wconf 89' lang='lat' dir='ltr'><strong>sibi</strong></span> <span class='ocrx_word' id='word_1_190' title='bbox 1204 2774 1317 2839; x_wconf 86' lang='lat' dir='ltr'><strong>cogno-</strong></span> 
     </span>
     <span class='ocr_line' id='line_1_23' title="bbox 167 2862 1317 2947; baseline -0.003 -17"><span class='ocrx_word' id='word_1_191' title='bbox 167 2867 254 2932; x_wconf 81' lang='lat' dir='ltr'><strong>mIne</strong></span> <span class='ocrx_word' id='word_1_192' title='bbox 293 2866 396 2947; x_wconf 89' lang='lat' dir='ltr'><strong>putria</strong></span> <span class='ocrx_word' id='word_1_193' title='bbox 433 2866 609 2929; x_wconf 87' lang='lat' dir='ltr'><strong>consistens</strong></span> <span class='ocrx_word' id='word_1_194' title='bbox 644 2883 751 2928; x_wconf 87' lang='lat' dir='ltr'><strong>omnes</strong></span> <span class='ocrx_word' id='word_1_195' title='bbox 791 2863 940 2928; x_wconf 89' lang='lat' dir='ltr'><strong>mortales</strong></span> <span class='ocrx_word' id='word_1_196' title='bbox 980 2862 1116 2944; x_wconf 89' lang='lat' dir='ltr'><strong>undique</strong></span> <span class='ocrx_word' id='word_1_197' title='bbox 1154 2863 1317 2926; x_wconf 87' lang='lat' dir='ltr'><strong>uenientes</strong></span> 
     </span>
     <span class='ocr_line' id='line_1_24' title="bbox 167 2969 1319 3055; baseline -0.003 -19"><span class='ocrx_word' id='word_1_198' title='bbox 167 2973 303 3037; x_wconf 89' lang='lat' dir='ltr'><strong>adiuuat</strong></span> <span class='ocrx_word' id='word_1_199' title='bbox 335 2972 435 3055; x_wconf 84' lang='lat' dir='ltr'><strong>adque</strong></span> <span class='ocrx_word' id='word_1_200' title='bbox 469 2973 669 3036; x_wconf 76' lang='lat' dir='ltr'><strong>couseruutl&#39;</strong></span> <span class='ocrx_word' id='word_1_201' title='bbox 700 2971 761 3035; x_wconf 88' lang='lat' dir='ltr'><strong>Hic</strong></span> <span class='ocrx_word' id='word_1_202' title='bbox 794 2969 877 3034; x_wconf 90' lang='lat' dir='ltr'><strong>enim</strong></span> <span class='ocrx_word' id='word_1_203' title='bbox 905 2971 1038 3034; x_wconf 89' lang='lat' dir='ltr'><strong>Hermes</strong></span> <span class='ocrx_word' id='word_1_204' title='bbox 1071 2969 1180 3046; x_wconf 84' lang='lat' dir='ltr'><strong>maior,</strong></span> <span class='ocrx_word' id='word_1_205' title='bbox 1204 2969 1236 3032; x_wconf 92' lang='lat' dir='ltr'><strong>id</strong></span> <span class='ocrx_word' id='word_1_206' title='bbox 1270 2972 1319 3032; x_wconf 88' lang='lat' dir='ltr'><strong>est</strong></span> 
     </span>
     <span class='ocr_line' id='line_1_25' title="bbox 167 3075 1317 3161; baseline -0.004 -17"><span class='ocrx_word' id='word_1_207' title='bbox 167 3079 360 3154; x_wconf 81' lang='lat' dir='ltr'><strong>Mercurius,</strong></span> <span class='ocrx_word' id='word_1_208' title='bbox 385 3097 477 3161; x_wconf 89' lang='lat' dir='ltr'><strong>quem</strong></span> <span class='ocrx_word' id='word_1_209' title='bbox 503 3078 580 3142; x_wconf 88' lang='lat' dir='ltr'><strong>dicit</strong></span> <span class='ocrx_word' id='word_1_210' title='bbox 604 3096 699 3141; x_wconf 89' lang='lat' dir='ltr'><strong>auum</strong></span> <span class='ocrx_word' id='word_1_211' title='bbox 724 3098 818 3141; x_wconf 89' lang='lat' dir='ltr'><strong>suum</strong></span> <span class='ocrx_word' id='word_1_212' title='bbox 842 3077 953 3153; x_wconf 75' lang='lat' dir='ltr'><strong>fuisse,</strong></span> <span class='ocrx_word' id='word_1_213' title='bbox 977 3075 1008 3140; x_wconf 93' lang='lat' dir='ltr'><strong>in</strong></span> <span class='ocrx_word' id='word_1_214' title='bbox 1034 3075 1229 3158; x_wconf 86' lang='lat' dir='ltr'><strong>Hermopoli,</strong></span> <span class='ocrx_word' id='word_1_215' title='bbox 1259 3076 1317 3140; x_wconf 92' lang='lat' dir='ltr'><strong>boc</strong></span> 
     </span>
     <span class='ocr_line' id='line_1_26' title="bbox 125 3181 1318 3267; baseline -0.004 -17"><span class='ocrx_word' id='word_1_216' title='bbox 125 3187 275 3252; x_wconf 72' lang='lat' dir='ltr'><strong>oscetin</strong></span> <span class='ocrx_word' id='word_1_217' title='bbox 299 3189 350 3250; x_wconf 83' lang='lat' dir='ltr'><strong>sut</strong></span> <span class='ocrx_word' id='word_1_218' title='bbox 374 3184 511 3249; x_wconf 89' lang='lat' dir='ltr'><strong>nominis</strong></span> <span class='ocrx_word' id='word_1_219' title='bbox 535 3183 675 3261; x_wconf 86' lang='lat' dir='ltr'><strong>ciuitate,</strong></span> <span class='ocrx_word' id='word_1_220' title='bbox 700 3203 771 3248; x_wconf 88' lang='lat' dir='ltr'><strong>esse</strong></span> <span class='ocrx_word' id='word_1_221' title='bbox 794 3184 988 3267; x_wconf 87' lang='lat' dir='ltr'><strong>perhibetur.</strong></span> <span class='ocrx_word' id='word_1_222' title='bbox 1034 3183 1115 3246; x_wconf 82' lang='lat' dir='ltr'><strong>Ecce</strong></span> <span class='ocrx_word' id='word_1_223' title='bbox 1140 3182 1219 3246; x_wconf 87' lang='lat' dir='ltr'><strong>duos</strong></span> <span class='ocrx_word' id='word_1_224' title='bbox 1244 3181 1318 3246; x_wconf 87' lang='lat' dir='ltr'><strong>deos</strong></span> 
     </span>
     <span class='ocr_line' id='line_1_27' title="bbox 168 3287 1318 3372; baseline -0.003 -16"><span class='ocrx_word' id='word_1_225' title='bbox 168 3292 250 3358; x_wconf 89' lang='lat' dir='ltr'><strong>dicit</strong></span> <span class='ocrx_word' id='word_1_226' title='bbox 268 3291 411 3356; x_wconf 86' lang='lat' dir='ltr'><strong>homiues</strong></span> <span class='ocrx_word' id='word_1_227' title='bbox 431 3291 539 3369; x_wconf 79' lang='lat' dir='ltr'><strong>fuisse,</strong></span> <span class='ocrx_word' id='word_1_228' title='bbox 555 3290 783 3372; x_wconf 79' lang='lat' dir='ltr'><strong>Aesculapium</strong></span> <span class='ocrx_word' id='word_1_229' title='bbox 803 3292 835 3354; x_wconf 88' lang='lat' dir='ltr'><strong>et</strong></span> <span class='ocrx_word' id='word_1_230' title='bbox 849 3289 1050 3354; x_wconf 91' lang='lat' dir='ltr'><strong>Mercurium.</strong></span> <span class='ocrx_word' id='word_1_231' title='bbox 1072 3287 1134 3353; x_wconf 88' lang='lat' dir='ltr'><strong>Sed</strong></span> <span class='ocrx_word' id='word_1_232' title='bbox 1148 3288 1186 3351; x_wconf 92' lang='lat' dir='ltr'><strong>de</strong></span> <span class='ocrx_word' id='word_1_233' title='bbox 1201 3288 1318 3352; x_wconf 78' lang='lat' dir='ltr'><strong>Aescu-</strong></span> 
     </span>
    </p>
   </div>
   <div class='ocr_carea' id='block_1_3' title="bbox 261 3519 784 3590">
    <p class='ocr_par' dir='ltr' id='par_1_3' title="bbox 261 3519 784 3590">
     <span class='ocr_line' id='line_1_28' title="bbox 261 3519 784 3590; baseline -0.008 -14"><span class='ocrx_word' id='word_1_234' title='bbox 261 3523 278 3576; x_wconf 89' lang='grc'><strong>6</strong></span> <span class='ocrx_word' id='word_1_235' title='bbox 298 3521 335 3575; x_wconf 91' lang='lat' dir='ltr'><strong>ib.</strong></span> <span class='ocrx_word' id='word_1_236' title='bbox 354 3537 379 3590; x_wconf 93' lang='lat' dir='ltr'><strong>p.</strong></span> <span class='ocrx_word' id='word_1_237' title='bbox 400 3521 443 3588; x_wconf 74' lang='lat'><strong>58,</strong></span> <span class='ocrx_word' id='word_1_238' title='bbox 464 3521 496 3574; x_wconf 87' lang='grc'><strong>19</strong></span> <span class='ocrx_word' id='word_1_239' title='bbox 551 3520 586 3574; x_wconf 85' lang='grc'><strong>20</strong></span> <span class='ocrx_word' id='word_1_240' title='bbox 605 3519 640 3573; x_wconf 93' lang='lat' dir='ltr'><strong>ib.</strong></span> <span class='ocrx_word' id='word_1_241' title='bbox 662 3536 687 3588; x_wconf 89' lang='lat' dir='ltr'><strong>p.</strong></span> <span class='ocrx_word' id='word_1_242' title='bbox 707 3521 750 3582; x_wconf 80' lang='lat'><strong>59,</strong></span> <span class='ocrx_word' id='word_1_243' title='bbox 772 3521 784 3572; x_wconf 94' lang='lat'>1</span> 
     </span>
    </p>
   </div>
   <div class='ocr_carea' id='block_1_4' title="bbox 167 3635 1322 4170">
    <p class='ocr_par' dir='ltr' id='par_1_4' title="bbox 167 3635 1322 4170">
     <span class='ocr_line' id='line_1_29' title="bbox 204 3635 1319 3713; baseline -0.009 -14"><span class='ocrx_word' id='word_1_244' title='bbox 204 3641 435 3713; x_wconf 82' lang='lat' dir='ltr'><strong>8potuerent0</strong></span> <span class='ocrx_word' id='word_1_245' title='bbox 490 3643 521 3695; x_wconf 83' lang='lat'><strong>12</strong></span> <span class='ocrx_word' id='word_1_246' title='bbox 542 3646 570 3696; x_wconf 87' lang='lat' dir='ltr'><strong>et</strong></span> <span class='ocrx_word' id='word_1_247' title='bbox 589 3642 666 3710; x_wconf 86' lang='lat' dir='ltr'><strong>dicit]</strong></span> <span class='ocrx_word' id='word_1_248' title='bbox 688 3641 799 3694; x_wconf 87' lang='lat' dir='ltr'><strong>edicite</strong></span> <span class='ocrx_word' id='word_1_249' title='bbox 871 3640 946 3709; x_wconf 84' lang='lat' dir='ltr'><strong>tuus]</strong></span> <span class='ocrx_word' id='word_1_250' title='bbox 967 3637 1082 3692; x_wconf 85' lang='lat' dir='ltr'><strong>totusO</strong></span> <span class='ocrx_word' id='word_1_251' title='bbox 1137 3638 1168 3690; x_wconf 85' lang='lat'><strong>14</strong></span> <span class='ocrx_word' id='word_1_252' title='bbox 1188 3635 1319 3689; x_wconf 88' lang='lat' dir='ltr'><strong>crocodil-</strong></span> 
     </span>
     <span class='ocr_line' id='line_1_30' title="bbox 168 3723 1322 3800; baseline -0.009 -14"><span class='ocrx_word' id='word_1_253' title='bbox 168 3734 258 3787; x_wconf 90' lang='lat' dir='ltr'><strong>lorum</strong></span> <span class='ocrx_word' id='word_1_254' title='bbox 279 3733 358 3800; x_wconf 83' lang='lat' dir='ltr'><strong>uel;</strong></span> <span class='ocrx_word' id='word_1_255' title='bbox 385 3731 596 3800; x_wconf 79' lang='lat' dir='ltr'><strong>corcodyllornm</strong></span> <span class='ocrx_word' id='word_1_256' title='bbox 615 3748 643 3798; x_wconf 89' lang='lat' dir='ltr'><strong>e;</strong></span> <span class='ocrx_word' id='word_1_257' title='bbox 671 3735 761 3784; x_wconf 87' lang='lat' dir='ltr'><strong>crocet</strong></span> <span class='ocrx_word' id='word_1_258' title='bbox 778 3728 897 3782; x_wconf 84' lang='lat' dir='ltr'><strong>illorud</strong></span> <span class='ocrx_word' id='word_1_259' title='bbox 988 3729 1020 3780; x_wconf 87' lang='lat'><strong>16</strong></span> <span class='ocrx_word' id='word_1_260' title='bbox 1049 3725 1277 3792; x_wconf 66' lang='lat' dir='ltr'><strong>concurrentia.</strong></span> <span class='ocrx_word' id='word_1_261' title='bbox 1299 3723 1322 3776; x_wconf 77' lang='lat'><em>0</em></span> 
     </span>
     <span class='ocr_line' id='line_1_31' title="bbox 169 3813 1321 3890; baseline -0.01 -15"><span class='ocrx_word' id='word_1_262' title='bbox 169 3824 274 3876; x_wconf 84' lang='lat' dir='ltr'><strong>meauit</strong></span> <span class='ocrx_word' id='word_1_263' title='bbox 293 3821 324 3874; x_wconf 79' lang='lat'><strong>0¹</strong></span> <span class='ocrx_word' id='word_1_264' title='bbox 399 3821 493 3890; x_wconf 85' lang='lat' dir='ltr'><strong>etiem]</strong></span> <span class='ocrx_word' id='word_1_265' title='bbox 513 3823 540 3874; x_wconf 90' lang='lat' dir='ltr'><strong>et</strong></span> <span class='ocrx_word' id='word_1_266' title='bbox 560 3821 658 3874; x_wconf 83' lang='lat' dir='ltr'><strong>enims</strong></span> <span class='ocrx_word' id='word_1_267' title='bbox 715 3820 746 3872; x_wconf 81' lang='lat'><strong>17</strong></span> <span class='ocrx_word' id='word_1_268' title='bbox 767 3835 814 3872; x_wconf 85' lang='lat' dir='ltr'><strong>suo</strong></span> <span class='ocrx_word' id='word_1_269' title='bbox 836 3834 903 3886; x_wconf 89' lang='lat' dir='ltr'><strong>quae</strong></span> <span class='ocrx_word' id='word_1_270' title='bbox 923 3816 1011 3869; x_wconf 84' lang='lat' dir='ltr'><strong>solent</strong></span> <span class='ocrx_word' id='word_1_271' title='bbox 1028 3815 1074 3880; x_wconf 84' lang='lat' dir='ltr'><strong>C¹,·</strong></span> <span class='ocrx_word' id='word_1_272' title='bbox 1093 3830 1141 3868; x_wconf 90' lang='lat' dir='ltr'><strong>suo</strong></span> <span class='ocrx_word' id='word_1_273' title='bbox 1161 3830 1230 3884; x_wconf 86' lang='lat' dir='ltr'><strong>quae</strong></span> <span class='ocrx_word' id='word_1_274' title='bbox 1250 3813 1321 3865; x_wconf 87' lang='lat' dir='ltr'><strong>solet</strong></span> 
     </span>
     <span class='ocr_line' id='line_1_32' title="bbox 171 3900 1319 3982; baseline -0.014 -13"><span class='ocrx_word' id='word_1_275' title='bbox 171 3913 386 3982; x_wconf 77' lang='lat' dir='ltr'><strong>delpqeaf‚·</strong></span> <span class='ocrx_word' id='word_1_276' title='bbox 409 3927 461 3979; x_wconf 89' lang='lat' dir='ltr'><strong>quc</strong></span> <span class='ocrx_word' id='word_1_277' title='bbox 482 3911 560 3973; x_wconf 85' lang='lat' dir='ltr'><strong>solet,</strong></span> <span class='ocrx_word' id='word_1_278' title='bbox 580 3910 678 3964; x_wconf 78' lang='lat' dir='ltr'><strong>omisso</strong></span> <span class='ocrx_word' id='word_1_279' title='bbox 698 3927 755 3974; x_wconf 85' lang='lat' dir='ltr'><strong>suo,</strong></span> <span class='ocrx_word' id='word_1_280' title='bbox 774 3907 816 3972; x_wconf 78' lang='lat' dir='ltr'><strong>lc¹,·</strong></span> <span class='ocrx_word' id='word_1_281' title='bbox 840 3922 947 3976; x_wconf 88' lang='lat' dir='ltr'><strong>quoque</strong></span> <span class='ocrx_word' id='word_1_282' title='bbox 967 3904 1037 3957; x_wconf 88' lang='lat' dir='ltr'><strong>solet</strong></span> <span class='ocrx_word' id='word_1_283' title='bbox 1058 3900 1159 3966; x_wconf 79' lang='lat' dir='ltr'><strong>C²ao,·</strong></span> <span class='ocrx_word' id='word_1_284' title='bbox 1183 3918 1231 3954; x_wconf 86' lang='lat' dir='ltr'><strong>suo</strong></span> <span class='ocrx_word' id='word_1_285' title='bbox 1251 3917 1319 3970; x_wconf 88' lang='lat' dir='ltr'><strong>quae</strong></span> 
     </span>
     <span class='ocr_line' id='line_1_33' title="bbox 169 3989 1320 4068; baseline -0.013 -11"><span class='ocrx_word' id='word_1_286' title='bbox 169 4007 235 4057; x_wconf 83' lang='lat' dir='ltr'><strong>ente</strong></span> <span class='ocrx_word' id='word_1_287' title='bbox 255 3999 364 4054; x_wconf 82' lang='lat' dir='ltr'><strong>solebat</strong></span> <span class='ocrx_word' id='word_1_288' title='bbox 381 3999 466 4068; x_wconf 81' lang='lat' dir='ltr'><strong>Apul.</strong></span> <span class='ocrx_word' id='word_1_289' title='bbox 486 4017 515 4066; x_wconf 78' lang='grc' dir='ltr'><strong>υ,-</strong></span> <span class='ocrx_word' id='word_1_290' title='bbox 533 4016 581 4052; x_wconf 89' lang='lat' dir='ltr'><strong>suo</strong></span> <span class='ocrx_word' id='word_1_291' title='bbox 602 4015 670 4068; x_wconf 87' lang='lat' dir='ltr'><strong>quae</strong></span> <span class='ocrx_word' id='word_1_292' title='bbox 690 3997 795 4051; x_wconf 86' lang='lat' dir='ltr'><strong>solebat</strong></span> <span class='ocrx_word' id='word_1_293' title='bbox 812 3995 911 4050; x_wconf 87' lang='lat' dir='ltr'><strong>Domb.</strong></span> <span class='ocrx_word' id='word_1_294' title='bbox 987 3993 1019 4047; x_wconf 89' lang='lat'><strong>18</strong></span> <span class='ocrx_word' id='word_1_295' title='bbox 1039 3995 1125 4045; x_wconf 80' lang='lat' dir='ltr'><strong>artec</strong></span> <span class='ocrx_word' id='word_1_296' title='bbox 1197 3989 1320 4059; x_wconf 86' lang='lat' dir='ltr'><strong>praeberi</strong></span> 
     </span>
     <span class='ocr_line' id='line_1_34' title="bbox 167 4077 1322 4170; baseline -0.014 -25"><span class='ocrx_word' id='word_1_297' title='bbox 167 4090 283 4159; x_wconf 49' lang='lat' dir='ltr'><strong>ser-ipsu</strong></span> <span class='ocrx_word' id='word_1_298' title='bbox 299 4086 427 4158; x_wconf 78' lang='lat' dir='ltr'><strong>praebere</strong></span> <span class='ocrx_word' id='word_1_299' title='bbox 447 4095 586 4158; x_wconf 71' lang='lat' dir='ltr'><strong>(preeucre</strong></span> <span class='ocrx_word' id='word_1_300' title='bbox 604 4087 647 4154; x_wconf 66' lang='grc' dir='ltr'><strong>θ’)</strong></span> <span class='ocrx_word' id='word_1_301' title='bbox 664 4087 774 4140; x_wconf 76' lang='lat' dir='ltr'><strong>cedde</strong></span> <span class='ocrx_word' id='word_1_302' title='bbox 827 4087 861 4137; x_wconf 79' lang='lat'><strong>‘20</strong></span> <span class='ocrx_word' id='word_1_303' title='bbox 876 4083 975 4150; x_wconf 84' lang='lat' dir='ltr'><strong>aliusp</strong></span> <span class='ocrx_word' id='word_1_304' title='bbox 1031 4079 1178 4148; x_wconf 71' lang='lat' dir='ltr'><strong>elinquit]</strong></span> <span class='ocrx_word' id='word_1_305' title='bbox 1195 4077 1322 4170; x_wconf 84' lang='lat' dir='ltr'><strong>auternO</strong></span> 
     </span>
    </p>
   </div>
   <div class='ocr_carea' id='block_1_5' title="bbox 169 4177 1319 4280">
    <p class='ocr_par' dir='ltr' id='par_1_5' title="bbox 169 4177 1319 4280">
     <span class='ocr_line' id='line_1_35' title="bbox 169 4177 1319 4280; baseline -0.013 -11"><span class='ocrx_word' id='word_1_306' title='bbox 169 4217 297 4270; x_wconf 81' lang='lat' dir='ltr'><strong>bebitnnr</strong></span> <span class='ocrx_word' id='word_1_307' title='bbox 319 4229 354 4266; x_wconf 81' lang='lat' dir='ltr'><strong>ee</strong></span> <span class='ocrx_word' id='word_1_308' title='bbox 426 4215 566 4266; x_wconf 70' lang='lat' dir='ltr'><strong>estoces</strong></span> <span class='ocrx_word' id='word_1_309' title='bbox 638 4211 885 4280; x_wconf 80' lang='lat' dir='ltr'><strong>cognominetape</strong></span> <span class='ocrx_word' id='word_1_310' title='bbox 940 4207 973 4260; x_wconf 83' lang='lat'><strong>22</strong></span> <span class='ocrx_word' id='word_1_311' title='bbox 992 4204 1101 4258; x_wconf 86' lang='lat' dir='ltr'><strong>mortali</strong></span> <span class='ocrx_word' id='word_1_312' title='bbox 1119 4203 1150 4256; x_wconf 85' lang='lat'><strong>0¹</strong></span> <span class='ocrx_word' id='word_1_313' title='bbox 1206 4203 1239 4256; x_wconf 83' lang='lat'><strong>25</strong></span> <span class='ocrx_word' id='word_1_314' title='bbox 1260 4177 1319 4271; x_wconf 84' lang='lat' dir='ltr'><strong>per-</strong></span> 
     </span>
    </p>
   </div>
   <div class='ocr_carea' id='block_1_6' title="bbox 169 4317 1285 4483">
    <p class='ocr_par' dir='ltr' id='par_1_6' title="bbox 169 4317 1285 4483">
     <span class='ocr_line' id='line_1_36' title="bbox 169 4317 1087 4408; baseline -0.015 -13"><span class='ocrx_word' id='word_1_315' title='bbox 169 4341 291 4403; x_wconf 84' lang='lat' dir='ltr'><strong>hibetur,</strong></span> <span class='ocrx_word' id='word_1_316' title='bbox 310 4339 343 4392; x_wconf 78' lang='lat' dir='ltr'><strong>ira</strong></span> <span class='ocrx_word' id='word_1_317' title='bbox 361 4355 446 4408; x_wconf 74' lang='lat' dir='ltr'><strong>murp.</strong></span> <span class='ocrx_word' id='word_1_318' title='bbox 465 4317 590 4402; x_wconf 81' lang='lat' dir='ltr'><strong>testatur,</strong></span> <span class='ocrx_word' id='word_1_319' title='bbox 610 4352 624 4390; x_wconf 82' lang='lat' dir='ltr'><strong>e</strong></span> <span class='ocrx_word' id='word_1_320' title='bbox 679 4337 713 4389; x_wconf 88' lang='grc'><strong>26</strong></span> <span class='ocrx_word' id='word_1_321' title='bbox 733 4333 786 4405; x_wconf 63' lang='lat' dir='ltr'><strong>del.</strong></span> <span class='ocrx_word' id='word_1_322' title='bbox 807 4349 822 4385; x_wconf 84' lang='lat' dir='ltr'><strong>a</strong></span> <span class='ocrx_word' id='word_1_323' title='bbox 842 4348 921 4394; x_wconf 76' lang='lat' dir='ltr'><strong>erus..</strong></span> <span class='ocrx_word' id='word_1_324' title='bbox 945 4330 978 4395; x_wconf 83' lang='lat'><strong>0;</strong></span> <span class='ocrx_word' id='word_1_325' title='bbox 998 4328 1087 4382; x_wconf 85' lang='lat' dir='ltr'><strong>dead</strong></span> 
     </span>
     <span class='ocr_line' id='line_1_37' title="bbox 1234 4429 1285 4483; baseline 0.02 -1"><span class='ocrx_word' id='word_1_326' title='bbox 1234 4429 1285 4483; x_wconf 79' lang='lat'><strong>26*</strong></span> 
     </span>
    </p>
   </div>
   <div class='ocr_carea' id='block_1_7' title="bbox 0 0 1576 4934">
    <p class='ocr_par' dir='ltr' id='par_1_7' title="bbox 0 0 1576 4934">
     <span class='ocr_line' id='line_1_38' title="bbox 0 0 1576 4934; baseline 0 0"><span class='ocrx_word' id='word_1_327' title='bbox 0 0 1576 4934; x_wconf 95' lang='lat' dir='ltr'><strong> </strong></span> 
     </span>
    </p>
   </div>
  </div>
 </body>
</html>
