3136 4928
381 461 431 515 ne
456 461 633 515 ciuitate
657 460 718 514 aes
741 461 806 518 rie.
828 425 878 516 m.
903 476 979 532 etp.
1004 463 1030 520 a.
1211 463 1277 530 523

125 653 164 718 de
183 653 294 718 mundi
313 653 540 720 constitutione
560 673 667 720 sacras
687 655 812 721 litterae
830 656 1012 739 loquuntur,
1033 676 1093 722 non
1114 656 1279 722 euidenter

125 759 253 838 dicitur,
272 762 377 826 utrum
397 760 450 825 nel
469 780 531 844 quo
551 760 659 826 ordine
678 761 776 826 creati
794 761 859 827 sint
877 762 995 847 angeli3
1015 763 1073 828 sed
1092 763 1119 828 si
1138 766 1276 846 practer-

124 866 218 932 missi
245 885 306 931 non
335 871 420 946 sunt,
444 868 498 932 uel
527 868 607 933 caeli
635 869 771 946 nomine,
796 869 850 933 ubi
875 869 997 934 dictum
1021 873 1084 934 est:
1108 870 1150 934 ln
1174 869 1275 952 prin-

126 971 235 1056 cipio
268 973 370 1038 lecit
397 973 504 1038 Deus
538 974 694 1038 caelum
723 976 761 1038 et
788 976 948 1054 terram,
976 974 1031 1039 uel
1058 975 1165 1057 potius
1193 974 1276 1040 lucis

94 1078 232 1158 annius,
252 1079 291 1144 de
314 1099 376 1162 qna
394 1080 516 1162 loquor,
536 1079 707 1164 significati
726 1084 810 1144 sunt.
834 1079 906 1145 Non
926 1083 1031 1146 autem
1051 1099 1121 1146 esse
1139 1083 1277 1162 praeter-

125 1185 243 1250 missos
275 1187 347 1251 hinc
381 1186 536 1261 existimo,
565 1186 650 1269 quod
679 1186 830 1270 scriptum
861 1190 920 1264 est,
947 1187 1144 1270 requieuisse
1171 1187 1275 1252 Deum

125 1293 157 1356 in
183 1292 234 1357 dia
259 1294 395 1376 septimo
415 1294 453 1359 ab
475 1294 622 1360 omnibus
644 1293 792 1377 operibus
812 1295 880 1359 suis
900 1313 981 1377 quaa
999 1293 1086 1370 fecit,
1107 1313 1179 1358 cum
1197 1295 1279 1358 libor

124 1399 194 1483 ipsa
221 1401 268 1464 ita
295 1401 339 1466 sit
367 1420 512 1466 exorsus:
545 1401 587 1464 In
615 1401 822 1485 principio
850 1401 954 1466 lecit
981 1400 1088 1466 Deus
1118 1401 1279 1465 caelum.

125 1510 165 1571 et
196 1509 351 1584 terram,
385 1512 423 1571 ut
455 1510 526 1572 ante
560 1509 683 1573 caelum
716 1512 748 1572 et
780 1511 893 1572 terram
927 1507 1007 1572 nihil
1039 1507 1126 1572 aliud
1160 1506 1276 1572 fecisse

83 1640 106 1678 n
123 1611 280 1678 uideatur.
305 1614 385 1681 Cum
410 1633 483 1700 ergo
507 1634 526 1679 a
545 1615 630 1680 caelo
651 1616 683 1678 et
701 1617 784 1678 terra
803 1615 952 1698 coeperit,
973 1613 1075 1697 adque
1094 1614 1164 1697 ipsa
1182 1616 1275 1688 terra,

125 1739 218 1800 quam
252 1718 400 1802 primitus
433 1720 520 1802 fecit,
550 1721 634 1784 sicut
666 1719 824 1802 scriptura
851 1724 1079 1802 consequenter
1107 1720 1275 1802 eloquitur,

123 1825 297 1892 inuisibilis
326 1831 358 1891 et
384 1826 596 1908 incomposita
624 1826 828 1909 nondumque
856 1827 927 1892 luce
950 1826 1034 1891 lacta
1056 1827 1168 1908 ntique
1191 1829 1277 1890 tene-

123 1933 197 1998 brae
225 1932 342 1997 fuerint
369 1953 463 2017 snper
491 1933 653 2017 abyssum,
678 1932 710 1996 id
738 1937 788 1998 est
816 1953 912 2015 super
939 1933 1094 2015 quandam
1119 1937 1220 1998 terrae
1244 1935 1277 1996 et

123 2057 224 2120 aquae
242 2038 460 2103 indistinctam
480 2038 696 2105 confusionem
716 2038 784 2124 (ubi
804 2040 886 2104 enim
901 2039 955 2104 lux
974 2058 1035 2104 uon
1055 2044 1113 2119 est,
1128 2038 1277 2105 tenebrae

82 2174 104 2212 a
123 2145 189 2210 sint
206 2164 336 2210 neccsse
357 2145 434 2229 est);
459 2145 570 2210 deinde
589 2146 618 2211 si
637 2147 743 2211 omnia
761 2145 893 2211 creando
914 2145 1070 2228 disposita
1091 2149 1175 2225 sunt,
1195 2164 1275 2229 quae

122 2272 179 2335 per
201 2271 254 2317 sex
278 2250 345 2317 dies
369 2257 587 2319 consummata
609 2255 786 2318 narrantur:
811 2271 872 2335 quo
897 2253 990 2318 modo
1014 2252 1120 2336 angeli
1141 2258 1276 2335 praeter-

123 2358 334 2435 mitterentur,
362 2361 525 2440 tamquam
552 2377 614 2422 non
644 2361 751 2422 essent
777 2357 809 2421 in
838 2357 987 2440 operibus
1010 2357 1081 2436 Dei,
1110 2377 1129 2422 a
1156 2357 1272 2439 quibus

122 2466 155 2528 in
184 2464 234 2528 die
263 2465 399 2548 septimo
428 2464 607 2547 requieuit?
645 2463 735 2548 Opus
758 2467 865 2529 autem
890 2465 950 2529 Dei
973 2483 1042 2540 esse
1066 2463 1196 2548 angelos
1220 2464 1272 2528 hic

124 2571 252 2654 quidem
281 2572 343 2636 etsi
370 2591 431 2636 non
454 2571 725 2655 praetermissum,
749 2590 809 2636 non
834 2574 940 2635 tamen
964 2570 1127 2635 euidenter
1149 2589 1273 2654 expres-

80 2707 106 2745 so
125 2698 195 2742 sum
214 2681 277 2758 ast3
299 2677 355 2743 sed
370 2679 447 2742 alibi
463 2681 521 2743 hoc
536 2681 646 2742 sancta
661 2678 817 2760 scriptura
836 2677 1013 2742 clarissima
1027 2695 1107 2742 uoce
1125 2681 1272 2742 testatur.

122 2785 204 2849 Nam
229 2789 262 2850 at
283 2785 315 2849 in
338 2785 454 2868 hymno
478 2785 574 2849 tn'um
598 2785 631 2848 in
656 2784 777 2848 camino
805 2784 944 2848 uirorum
974 2802 1046 2847 cum
1073 2783 1277 2866 praedictum

123 2895 221 2956 esset:
246 2891 487 2957 Benedicite
513 2891 645 2956 omnia
669 2909 789 2974 opera
812 2890 973 2955 Domini
996 2889 1219 2966 Dominum,
1239 2891 1271 2954 in

123 2999 307 3064 executione
336 2998 505 3063 aomndem
530 3016 659 3080 operum
685 2997 779 3061 etiam
804 2997 909 3081 angeli
937 2996 1091 3061 nominati
1121 3000 1210 3066 sunt:
1240 3000 1273 3060 et

121 3106 153 3170 in
180 3105 305 3187 psalmo
335 3105 473 3170 canitur:
502 3103 682 3170 Laudato
715 3103 922 3168 Dominum
953 3103 996 3168 de
1026 3103 1164 3182 caelis,
1192 3102 1272 3167 lau-

77 3241 103 3280 2⁵
123 3213 215 3278 date
244 3231 329 3276 eum
358 3213 396 3276 in
426 3211 623 3286 excelsis3
657 3210 823 3274 laudato
852 3229 937 3274 eum
966 3229 1101 3274 omnes
1134 3209 1273 3293 angeli

122 3319 223 3396 eius,
252 3318 418 3382 laudate
454 3337 540 3383 eum
574 3336 710 3382 omnes
742 3317 928 3382 uirtutes
961 3317 1067 3392 oius;
1101 3315 1271 3380 laudate

211 3561 245 3614 22
266 3563 335 3616 Dan.
355 3562 379 3625 3,
400 3563 433 3615 57
452 3579 493 3631 aq.
547 3563 583 3615 24
602 3561 645 3616 Ps.
668 3561 727 3620 148.
748 3562 761 3614 1
783 3577 841 3630 sqq.

157 3722 171 3774 1
192 3720 350 3790 loquuntur]
372 3720 499 3774 dicuntur
522 3719 547 3772 V
600 3721 615 3774 3
635 3720 664 3773 in
683 3719 766 3789 princ.
787 3735 838 3772 om.
860 3725 871 3773 t
929 3721 945 3772 5
965 3719 1110 3788 significati
1122 3761 1127 3772 .
1140 3763 1145 3774 .
1159 3763 1164 3774 .
1177 3762 1182 3772 .
1194 3735 1271 3788 prae·

119 3808 261 3863 termissos
280 3809 312 3861 in
330 3813 446 3877 marat
524 3807 730 3877 praetermissos
750 3822 843 3861 osseo
911 3805 1070 3861 texistimo
1090 3805 1143 3859 nisi
1162 3811 1273 3860 aeterna

121 3901 164 3952 est
183 3917 201 3950 α
291 3885 355 3951 dnm
376 3913 394 3949 a
466 3897 538 3950 lin
558 3901 628 3967 sept.
648 3895 726 3950 dieo
799 3895 981 3965 8ipsesap.
1002 3897 1050 3951 lin.
1075 3894 1101 3948 V
1187 3898 1230 3948 est
1249 3897 1270 3947 t¹

121 3989 137 4042 9
156 3990 353 4042 ut...terram
371 3986 449 4040 orat
505 3987 535 4040 ll
558 3985 694 4055 primitus]
714 3985 846 4054 principio
863 3985 886 4050 l,·
904 3984 932 4038 in
951 3983 1084 4054 principio
1100 3989 1111 4038 t
1181 3983 1269 4052 loqui-

330 4067 352 4092 ΙΝ

120 4107 165 4157 tur
185 4103 195 4156 l
270 4103 302 4156 12
321 4102 371 4175 Ille
395 4101 421 4156 V
492 4102 525 4156 15
545 4101 568 4154 si
587 4101 749 4171 omniapt;
768 4101 790 4154 si
810 4117 861 4154 om.
879 4100 939 4153 rell.
958 4117 974 4153 o
992 4099 1092 4154 Domb.
1169 4099 1270 4168 dispos.

120 4195 184 4245 sunt
204 4196 260 4260 pt;
285 4189 384 4260 dispas.
412 4190 468 4244 sint
491 4190 551 4244 rell.
576 4205 592 4243 o
615 4189 713 4244 Domb.
805 4190 838 4243 21
865 4189 893 4242 in
920 4194 986 4242 cate
1009 4189 1107 4258 hymno
1131 4203 1182 4242 om.
1207 4193 1270 4256 apt

120 4279 366 4336 triumuirorum
387 4285 470 4333 om.t
532 4281 567 4334 22
586 4277 778 4333 benediceree
860 4278 950 4332 omnia
967 4293 1053 4331 ome
1134 4275 1269 4330 dominum

125 4367 215 4422 Vab¹
226 4385 240 4422 e
250 4368 298 4438 1¹1)
309 4373 319 4422 t
329 4371 363 4434 ,ἡ
378 4367 485 4422 domino
501 4361 586 4422 bap„
640 4369 676 4422 24
694 4369 722 4420 in
736 4367 854 4438 psalmo]
868 4367 929 4435 ipsa
940 4366 1000 4420 laus
1015 4371 1026 4420 t
1098 4368 1244 4420 cantantur
1258 4381 1272 4418 e
