3136 4928
352 467 402 521 De
430 467 605 521 ciuitate
634 463 693 520 dei
720 467 784 522 lib.
814 467 847 522 X.
876 485 951 538 cap.
976 469 1018 523 12.
1044 468 1084 524 13.
1221 471 1286 536 469

142 663 198 727 ubi
232 681 305 728 uero
339 666 372 727 et
403 662 526 744 quaudo
560 661 667 742 faciat,
698 663 957 728 incommutabile
991 664 1158 728 consilium
1191 682 1287 746 penes

143 769 249 850 ipsum
273 772 332 846 est,
355 768 387 834 iu
410 769 502 834 cuius
527 769 735 852 dispositione
759 770 821 833 iam
840 774 983 853 tempora
1000 771 1083 835 facta
1103 774 1177 836 sunt
1196 789 1287 853 quae-

144 893 281 958 cumque
309 875 417 938 futura
449 878 535 940 sunt.
581 874 661 938 Nam
692 875 879 956 temperabo
910 895 1043 941 mouens
1074 876 1291 960 temporaliter

144 1001 204 1048 non
227 985 385 1060 mouetur,
409 1000 465 1046 nee
490 979 581 1045 aliter
604 981 696 1047 nouit
718 982 863 1046 facienda
886 1001 978 1064 quam
1003 983 1098 1060 facta,
1122 1003 1179 1048 nec
1198 983 1290 1048 aliter

116 1109 128 1148 a
145 1089 328 1154 inuocantes
347 1079 478 1152 'exaudit
498 1107 591 1169 quam
610 1088 814 1154 inuocaturos
833 1088 932 1154 uidet.
954 1088 1035 1154 Nam
1055 1092 1087 1154 et
1106 1108 1179 1154 cum
1198 1109 1289 1156 exau·

146 1195 236 1260 dlunt
259 1195 364 1278 angeli
388 1195 467 1272 eius,
490 1193 614 1277 ipsein
640 1195 685 1258 eis
710 1195 848 1272 exaudit,
872 1196 1036 1277 tamquam
1064 1195 1096 1259 in
1124 1215 1198 1262 uero
1231 1216 1289 1262 neo

145 1321 240 1366 manu
262 1301 347 1366 facto
371 1302 490 1383 templo
516 1320 585 1377 suo,
610 1301 695 1365 siout
717 1301 748 1365 in
769 1301 951 1366 bominibus
971 1301 1090 1365 sanctis
1110 1302 1188 1380 suis,
1208 1302 1290 1367 eius-

146 1428 205 1490 que
228 1409 446 1491 temporaliter
468 1407 550 1472 fiunt
572 1409 662 1472 iussa
685 1411 812 1473 aeterna
836 1407 904 1472 eius
927 1409 999 1492 lego
1023 1413 1201 1494 conspecta.

595 1599 731 1666 CAPUT
756 1601 841 1665 XIII.

103 1761 127 1802 ιο
147 1743 199 1807 De
223 1742 439 1808 inuisibili
463 1743 554 1820 Deo,
580 1743 648 1825 qui
673 1761 713 1807 se
737 1743 949 1809 nisibilem
975 1763 1093 1827 saepe
1117 1744 1290 1828 praesti-

146 1850 256 1930 terit,
282 1869 355 1914 non
380 1851 601 1915 secundum
627 1851 729 1933 quod
756 1853 828 1929 est,
850 1852 918 1916 sed
943 1852 1163 1917 secundum
1183 1851 1288 1936 quod

430 1959 622 2038 poterant
645 1958 753 2021 ferre
778 1962 1003 2024 cernentes.

189 2097 257 2162 Nec
281 2116 409 2162 mouera
435 2098 539 2176 debet,
562 2099 657 2180 quod,
688 2117 761 2162 cum
794 2099 838 2164 sit
869 2099 1054 2178 inuisibilis,
1088 2119 1182 2183 saepe
1216 2099 1291 2164 uisi·

145 2205 251 2270 biliter
274 2205 417 2286 patribus
442 2205 624 2288 apparuisse
648 2209 850 2272 memoratur.
875 2205 967 2272 Sicut
990 2207 1071 2271 enim
1096 2225 1205 2285 sonus,
1229 2225 1291 2289 quo

103 2331 127 2372 1⁵
147 2312 276 2376 auditur
299 2311 454 2376 sententIa
478 2311 508 2376 in
533 2312 661 2376 silentio
685 2313 925 2396 intellegentiae
949 2314 1133 2392 constituta,
1158 2333 1219 2379 uon
1244 2317 1294 2378 est

148 2420 209 2483 boc
233 2418 317 2501 quod
340 2418 424 2501 ipsa:
447 2418 494 2482 ite
517 2421 549 2482 et
572 2419 705 2501 species,
730 2439 793 2501 qua
817 2421 907 2484 uisus
933 2422 983 2484 est
1006 2419 1092 2485 Deus
1122 2419 1154 2485 iu
1181 2422 1293 2486 natura

148 2524 302 2590 inuisibili
326 2523 531 2603 constitutus,
555 2545 617 2590 non
641 2530 709 2590 erat
732 2527 816 2609 quod
839 2527 917 2610 ipse.
955 2526 1201 2592 Verumtamen
1224 2528 1293 2609 ipse

148 2631 179 2694 in
205 2631 313 2696 eedem
338 2631 443 2714 specie
467 2632 622 2715 corporali
645 2632 825 2710 uidebatur,
850 2633 934 2698 sicut
956 2632 1012 2698 illa
1040 2633 1197 2698 sententia
1223 2632 1293 2715 ipsa

148 2738 179 2801 in
205 2755 282 2801 sono
306 2737 396 2801 uocis
420 2737 560 2813 auditum
594 2757 651 2803 neo
676 2738 722 2802 illi
746 2737 933 2823 ignorabant
963 2739 1158 2804 inuisibilem
1189 2739 1292 2803 Deum

105 2865 130 2906 ao
148 2843 178 2906 in
204 2842 310 2925 specie
335 2843 499 2925 corporali,
524 2843 608 2926 quod
631 2844 700 2927 ipse
724 2863 785 2909 uon
814 2849 890 2923 erat,
918 2865 954 2910 se
982 2845 1101 2909 uidere.
1146 2843 1228 2910 Nam
1262 2848 1294 2910 et

148 2949 337 3031 loquebatur
369 2968 443 3015 eum
474 2950 623 3034 loquente
648 2951 777 3034 Moyses
812 2955 844 3015 et
877 2951 905 3016 ei
936 2955 1043 3016 tamen
1076 2950 1214 3018 dicebat:
1253 2952 1293 3017 Si

148 3056 290 3120 iuueni
314 3057 487 3139 gratiam
513 3061 603 3122 ante
628 3061 679 3136 te,
700 3058 869 3122 ostende
888 3059 987 3122 milri
1006 3061 1132 3122 temet
1151 3059 1293 3140 ipsum,

149 3163 334 3228 scienter
356 3165 400 3227 ut
422 3163 578 3228 uideam
602 3169 651 3229 to.
696 3163 776 3230 (lum
799 3165 899 3249 igitur
924 3168 1082 3248 oporteret
1104 3163 1164 3229 Dei
1187 3165 1291 3248 legem

147 3270 178 3333 irr
203 3269 317 3334 edictis
341 3271 523 3354 augelorum
548 3271 731 3336 terribiliter
754 3272 830 3348 dari,
851 3291 911 3336 non
931 3271 985 3336 uni
1003 3271 1124 3336 bomini
1142 3271 1293 3354 paucisne

105 3377 359 3461 coeptantibus,
397 3377 453 3442 sed
486 3378 654 3444 uniuersae
689 3378 776 3462 genti
810 3381 842 3443 et
870 3379 987 3462 populo
1020 3377 1156 3462 ingenti:
1189 3396 1293 3442 coram

149 3483 260 3548 eodem
284 3484 401 3566 populo
425 3503 540 3568 magua
563 3484 647 3550 faeta
671 3485 800 3550 suntin
823 3489 939 3564 monte,
963 3485 1020 3550 ubi
1041 3487 1092 3550 lex
1113 3504 1169 3566 per
1194 3503 1293 3547 unum

149 3589 292 3668 dabatur,
318 3591 530 3673 conspiciente
554 3585 760 3656 multitudiue
783 3591 954 3657 metuenda
977 3595 1009 3658 et
1031 3591 1192 3656 tremenda
1214 3609 1294 3672 quae

148 3695 276 3760 fiebant.
299 3696 370 3762 Non
395 3699 476 3762 enim
499 3699 638 3781 populus
662 3699 760 3762 Israel
785 3699 829 3763 sio
849 3699 954 3782 Mopsi
978 3697 1120 3774 credidit,
1142 3696 1294 3779 quemad

238 3941 269 3994 21
291 3939 375 3995 uxod.
394 3941 438 4005 33,
458 3941 491 3996 13
547 3942 581 3996 23
601 3941 660 3996 Act.
681 3943 706 4006 7,
726 3943 759 3996 53

183 4115 201 4170 4
219 4131 274 4169 nou
292 4119 418 4170 mouetur
436 4132 485 4170 nee
500 4116 579 4170 aliter
593 4133 644 4170 om,
661 4115 688 4170 b¹
744 4117 758 4168 7
778 4115 943 4185 bominibus]
959 4115 1105 4169 humilibus
1121 4132 1139 4168 o
1150 4115 1176 4168 b¹
1250 4133 1294 4169 us·

149 4220 234 4274 quea
287 4203 519 4275 Stenrporaliter,
539 4209 581 4258 ter
599 4206 716 4259 rra2ira
734 4205 833 4268 rae.,b
890 4207 922 4258 14
942 4205 1004 4274 quo]
1020 4205 1121 4273 quodb
1178 4206 1209 4259 17
1230 4206 1296 4259 uisi·

147 4293 257 4347 bilibc
329 4295 361 4348 21
382 4311 475 4364 moyse
495 4294 631 4348 sedate
698 4296 732 4349 25
753 4295 886 4349 otomb
961 4297 989 4347 et
1007 4311 1068 4364 pop.
1089 4295 1194 4364 ingenti
1213 4311 1296 4349 orons

147 4383 583 4452 auetaoeps;aco1)0mo.
