3136 4934
300 394 365 456 400
644 387 670 443 S.
698 387 854 440 Aurelii
882 385 1098 456 Augustini

300 588 383 663 runt,
399 584 528 648 sibimet
545 583 785 667 inmutassent
809 603 863 649 eos
884 583 1205 666 habe1·entdcos,qui
1222 604 1281 648 non
1297 588 1387 648 mant
1406 583 1444 650 di.

300 692 419 756 Verum
440 693 490 755 est
509 691 624 774 quippe
647 689 728 754 illud
747 689 981 774 propheticum:
1008 689 1045 754 Si
1070 689 1187 754 faciet
1206 691 1315 756 homo
1349 689 1444 764 deos,

301 803 337 863 et
357 817 441 863 ecce
461 797 536 881 ipsi
555 817 624 863 non
649 800 736 861 sunt
763 795 809 860 di.
834 796 919 862 Deos
939 815 1013 881 ergo
1033 797 1125 874 16166,
1145 797 1256 862 talium
1277 797 1366 875 deos,
1384 799 1444 860 arte

299 907 401 972 factos
426 925 444 970 a
467 904 596 980 talibus,
630 923 702 968 cum
727 903 921 986 appellasset
944 904 1087 982 Hermes,
1121 903 1154 968 id
1184 909 1234 968 est
1256 904 1355 969 idolis
1379 903 1444 967 dae-

300 1031 409 1076 mones
433 1031 489 1093 per
512 1014 611 1075 artem
643 1011 748 1075 nescio
774 1030 868 1092 quam
902 1010 1114 1093 cupiditatum
1148 1030 1276 1075 suarum
1308 1010 1443 1075 uinculis
1470 1032 1480 1070 s

299 1119 449 1203 inligatos
474 1137 547 1182 cum
572 1119 745 1200 appellaret
767 1117 870 1182 factos
891 1118 929 1182 ab
950 1117 1132 1182 hominibus
1152 1117 1237 1194 deos,
1261 1120 1442 1182 nontamen
1541 1145 1542 1158 ι

301 1226 345 1290 eis
371 1225 467 1300 dedit,
502 1225 586 1306 quod
608 1224 792 1288 Platonicus
817 1223 972 1305 Apuleius
1002 1223 1096 1308 (cundo
1119 1225 1183 1288 iam
1208 1223 1286 1289 satis
1311 1222 1442 1287 diximus
1541 1261 1542 1264 =

301 1336 333 1396 et
365 1351 460 1413 quam
494 1331 536 1395 sit
568 1330 792 1394 inconueniens
830 1329 1066 1412 absurdumque
1100 1329 1375 1415 monstrauimus),
1410 1331 1443 1392 ut

300 1438 362 1522 ipsi
388 1441 494 1502 essent
517 1437 706 1521 interpretes
731 1441 763 1502 et
786 1438 1010 1502 intercessores
1038 1437 1120 1502 inter
1148 1437 1234 1515 deos,
1269 1455 1350 1519 quos
1374 1435 1443 1500 lecit
1541 1477 1542 1488 ι

300 1545 398 1622 Deus,
424 1547 455 1608 et
473 1544 627 1621 homines,
648 1563 726 1627 quos
746 1544 831 1608 idem
850 1544 926 1608 fecit
947 1544 1044 1616 Deum
1070 1544 1144 1608 hinc
1164 1543 1342 1608 adferentes
1362 1547 1441 1616 uota,
1459 1565 1479 1606 n

299 1651 372 1714 inde
395 1670 525 1714 munera
548 1651 726 1714 inferentes.
749 1649 853 1714 Nimis
878 1651 961 1714 enim
985 1649 1120 1715 stultum
1146 1655 1196 1716 est
1214 1650 1340 1715 credere
1361 1649 1440 1724 deos

301 1777 380 1840 quos
413 1757 557 1821 fecerunt
588 1757 743 1833 homines,
775 1758 849 1839 plus
882 1758 988 1821 ualere
1027 1763 1105 1840 aput
1138 1757 1223 1834 (1666,
1258 1775 1338 1839 quos
1371 1755 1441 1820 fecit

300 1865 399 1943 Deus,
424 1883 517 1946 quam
543 1864 652 1928 ualent
675 1865 736 1947 ipsi
760 1864 913 1943 homines,
944 1883 1023 1948 quos
1047 1865 1132 1928 idem
1155 1865 1223 1947 ipse
1247 1863 1324 1928 fecit
1348 1863 1439 1927 Deus.

299 1971 442 2036 Daemon
467 1971 584 2054 quippe
618 1972 787 2035 simulacro
825 1973 889 2036 arte
920 1970 1007 2055 inpia
1039 1971 1218 2054 conligatus
1251 1971 1289 2034 ab
1318 1969 1439 2033 homino

300 2079 405 2142 factus
430 2081 479 2141 cst
502 2077 590 2156 deus,
625 2077 680 2142 sed
708 2077 765 2141 tali
792 2077 922 2154 homini,
955 2095 1016 2141 non
1046 2078 1129 2141 omni
1156 2076 1286 2141 homini.
1334 2074 1438 2155 Qualis
1456 2099 1477 2138 n
1541 2073 1542 2088 ³

301 2187 351 2248 cst
375 2203 449 2267 ergo
473 2185 536 2248 iste
569 2184 658 2263 deus,
692 2204 786 2266 quem
819 2203 878 2249 non
912 2183 1030 2248 laceret
1063 2183 1157 2248 homo
1190 2184 1252 2250 nisi
1285 2203 1388 2248 errans
1411 2186 1439 2245 et
1541 2165 1542 2228 Ῑ

301 2291 482 2356 incredulus
507 2295 539 2356 ot
562 2311 693 2356 auersus
719 2310 736 2353 a
760 2310 834 2356 uero
865 2291 954 2356 Deo?
1001 2292 1098 2356 Porro
1127 2291 1154 2354 si
1178 2291 1358 2368 daemones
1390 2287 1438 2370 qui

301 2399 448 2462 coluntur
470 2397 501 2462 iu
525 2397 665 2479 templis,
689 2416 745 2480 per
768 2401 867 2461 artem
886 2398 993 2462 nescio
1015 2417 1108 2480 quam
1128 2398 1322 2482 imaginibus
1342 2396 1437 2469 inditi,
1541 2417 1542 2486 3

300 2505 360 2570 hoc
384 2511 433 2570 est
456 2504 639 2568 nisibilibns
664 2504 852 2584 simulacris
878 2505 916 2570 ab
941 2507 986 2570 eis
1010 2505 1203 2585 hominibus,
1228 2505 1283 2589 qui
1300 2505 1359 2569 hac
1377 2507 1437 2566 aute

299 2613 442 2676 fecerunt
471 2609 560 2687 deos,
595 2629 667 2674 cum
701 2610 882 2674 aberrarent
914 2611 1080 2694 auersique
1114 2613 1222 2676 essent
1249 2631 1268 2674 a
1291 2610 1377 2676 cultu
1409 2611 1473 2672 cta

299 2719 451 2802 religione
485 2717 603 2796 diuina,
636 2736 696 2780 uon
731 2720 806 2780 sunt
838 2715 1024 2781 intemuntii
1056 2735 1113 2780 neo
1145 2716 1333 2800 interpretes
1362 2717 1438 2779 inter
1541 2713 1542 2762 ἶ

298 2826 442 2892 homines
462 2828 494 2888 et
513 2824 588 2888 deos
609 2827 641 2888 et
655 2827 784 2907 propter
797 2843 872 2888 suos
888 2825 1045 2906 pessimos
1061 2843 1096 2888 ac
1111 2824 1315 2906 turpissimos
1330 2841 1436 2896 moros,
1541 2863 1542 2916 3

301 2937 333 2997 et
356 2931 441 3014 quod
463 2931 618 3008 homines,
650 2931 797 3013 quamuis
829 2933 968 2995 errantes
1000 2933 1033 2996 et
1060 2931 1216 2996 increduli
1245 2935 1277 2995 et
1301 2929 1437 2996 auersis
1541 2933 1542 3004 ξ

301 3039 390 3104 66116
414 3057 451 3103 66
473 3037 624 3122 religione
649 3037 766 3115 diuina,
790 3043 894 3102 tamen
920 3039 965 3103 eis
991 3038 1058 3102 sinc
1077 3037 1173 3102 dubio
1195 3038 1339 3104 meliores
1357 3040 1436 3109 sunt,

300 3163 380 3229 quos
405 3144 481 3210 deos
505 3144 567 3227 ipsi
591 3146 657 3208 arte
680 3145 836 3220 fecerunt;
871 3147 979 3222 restat,
1004 3147 1051 3219 ut,
1080 3145 1164 3226 quod
1187 3147 1331 3228 possunt,
1362 3145 1437 3206 tam·
1453 3163 1473 3202 ss
1541 3159 1542 3230 3

301 3272 396 3335 quam
420 3252 588 3316 daemones
613 3252 747 3335 possint,
772 3253 824 3315 uel
849 3251 939 3334 quasi
963 3251 1115 3316 beneficia
1133 3251 1321 3335 praestando
1339 3249 1437 3332 magis
1541 3249 1542 3328 ζ

389 3461 405 3513 2
424 3459 542 3512 Hierem.
564 3460 606 3523 16,
625 3459 660 3513 20

339 3609 492 3701 lsibimet]
512 3566 598 3664 ullos
687 3577 860 3681 inpultassel‚
881 3629 893 3665 r
912 3628 992 3674 erac,
1015 3611 1049 3679 0,·
1066 3615 1190 3682 portasse
1207 3611 1233 3665 s¹
1304 3589 1435 3670 laterent,
1541 3575 1542 3668 l

299 3737 330 3788 in
349 3713 652 3804 murq.aue1terent,e
761 3736 798 3788 dii
816 3754 870 3790 non
891 3740 1002 3791 eranto
1092 3737 1108 3789 2
1135 3731 1436 3798 111661,6166666ι6,0

301 3825 317 3878 3
345 3823 439 3877 talium
466 3823 531 3890 deos
556 3825 566 3878 l
654 3828 672 3878 4
700 3842 759 3879 cum
783 3826 951 3896 appellasset
972 3825 1085 3879 Hermes
1108 3826 1189 3879 uncas
1209 3825 1324 3879 inclusit
1344 3821 1434 3877 Domo.

300 3915 316 3967 6
336 3912 505 3982 appellarent
523 3931 537 3966 e
609 3914 642 3968 ub
663 3915 733 3968 hom.
753 3914 840 3968 laotos
860 3931 874 3968 e
928 3915 1016 3969 uiam
1036 3915 1102 3968 satis
1124 3914 1289 3983 Cadclq5
1306 3913 1369 3967 satis
1385 3913 1434 3964 ism

299 4001 357 4055 rell.
376 4018 393 4056 6
411 4003 510 4057 Domo.
577 4003 609 4056 12
628 4003 719 4057 ualere
737 4021 796 4072 sup.
818 4003 866 4058 lin.
887 4005 896 4058 1
964 4005 997 4058 13
1016 4005 1074 4074 ipse
1093 4020 1144 4058 om.
1164 4004 1175 4057 1
1231 4006 1264 4057 14
1283 4000 1434 4058 simulacro,

299 4109 326 4144 m
350 4107 436 4154 craso,
464 4091 487 4144 C
592 4093 885 4198 hqminelsssl,l,'craso
909 4093 1017 4164 quippe.
1040 4110 1054 4147 a
1145 4094 1179 4148 15
1207 4096 1250 4146 est
1271 4109 1330 4164 sup.
1350 4087 1436 4144 linc

301 4208 333 4260 16
354 4223 417 4276 ergo
438 4211 513 4261 estc
584 4208 671 4262 niG
742 4175 972 4263 limeredulusO
1037 4211 1071 4263 22
1091 4207 1139 4263 sed
1158 4208 1263 4264 deusd
1333 4209 1434 4262 stante

299 4299 478 4364 propterom.
501 4295 574 4350 Cae
628 4297 818 4367 24661610
870 4299 1062 4367 2666166616
