3136 4934
277 419 342 483 380
621 416 648 472 S.
677 416 833 470 Aurelii
860 416 1078 485 Augustini

278 611 592 695 enimpaotonobis
618 613 778 678 stemma
805 613 950 678 dolatilia
982 613 1215 696 praeponimus.
1261 612 1304 677 At
1336 612 1413 676 euim

277 718 422 784 dolatilia
458 737 531 784 eum
569 719 703 786 uolaudo
737 721 911 806 fatigantur
942 721 995 785 uel
1026 719 1229 784 reficiendum
1263 719 1415 784 alimentis

278 845 391 909 eorpus
414 825 541 903 habent,
566 829 680 890 terram
698 828 847 907 repetunt
864 825 917 890 uel
936 825 975 890 ad
993 826 1133 908 requiem
1152 825 1205 890 uel
1225 825 1263 889 ad
1282 831 1416 910 pastum,

279 932 363 1014 quod
387 933 565 1010 daemones,
589 933 747 1015 inquiunt,
772 953 833 998 non
857 934 988 998 iaciunt.
1030 932 1195 1015 Numquid
1219 951 1293 1016 ergo
1316 933 1418 1014 placet
1536 976 1537 1010 p

279 1039 335 1118 eie,
359 1043 396 1103 ut
414 1039 559 1105 dolatilia
577 1039 680 1118 nobis,
701 1039 869 1106 daemones
889 1043 996 1105 autem
1017 1039 1110 1104 etiam
1131 1040 1317 1104 dolatilibus
1337 1043 1418 1104 ante·
1443 1059 1453 1098 ι
1536 1107 1537 1114 ¹

278 1145 416 1212 bellant?
439 1144 532 1226 Quod
555 1146 581 1210 si
606 1145 881 1212 dementissimum
910 1149 959 1210 est
986 1145 1118 1230 opinari,
1147 1145 1227 1210 nihil
1259 1149 1309 1211 est
1338 1145 1419 1228 quod

279 1251 317 1317 de
341 1252 536 1318 habitatione
560 1251 731 1336 superioris
757 1253 905 1317 elementi
929 1251 1039 1334 dignos
1068 1271 1138 1316 esse
1167 1252 1334 1318 daemones
1362 1253 1419 1316 eri-

278 1359 457 1438 sumemus,
491 1359 606 1442 quibus
639 1379 696 1426 nos
724 1359 887 1444 religionis
915 1359 1041 1424 adfectu
1073 1357 1208 1424 subdere
1241 1359 1418 1424 debeamus,

280 1465 372 1532 Siout
394 1465 478 1531 euim
502 1467 570 1532 fieri
591 1468 707 1551 potuit,
732 1469 769 1531 ut
792 1467 894 1531 aeriae
918 1466 1064 1530 rroluores
1096 1466 1300 1531 terrestribus
1333 1466 1417 1530 nobis

279 1593 340 1638 non
364 1575 468 1638 solum
492 1592 552 1639 uon
575 1574 799 1656 praeferantur,
823 1592 936 1638 uerum
960 1572 1055 1637 etiam
1080 1573 1280 1638 subiciantur
1298 1575 1457 1656 proptera

280 1679 441 1745 rationalis
474 1680 606 1758 animae,
647 1700 726 1764 quae
758 1679 790 1744 in
822 1679 914 1744 uobis
945 1683 1004 1754 est,
1037 1679 1239 1762 dignitatem:
1276 1680 1322 1744 ita
1358 1679 1420 1744 lieri

278 1787 396 1870 potnit,
421 1789 458 1850 ut
481 1785 660 1866 daemones,
691 1787 837 1870 quamuis
870 1786 974 1869 magis
1007 1785 1083 1850 aerii
1115 1785 1188 1865 siut,
1219 1785 1419 1850 terrestribus

279 1892 371 1958 nobis
390 1911 450 1958 uon
469 1892 539 1958 ideo
559 1893 706 1960 meliores
726 1894 799 1971 sint,
820 1893 894 1976 quia
913 1895 963 1958 est
981 1911 1033 1956 aer
1052 1911 1145 1974 quam
1165 1895 1249 1957 terra
1268 1891 1420 1975 superium

280 1999 335 2063 sed
360 2000 430 2068 ideo
455 2000 501 2064 eis
524 2000 668 2064 homiues
691 2000 887 2084 praeferendi
916 2001 989 2077 siut,
1018 2001 1166 2082 quoniam
1199 2000 1268 2082 spei
1300 2001 1421 2082 piorum

280 2105 444 2171 hominum
469 2125 666 2190 nequaquam
689 2106 816 2171 illorum
842 2105 1019 2190 desperatio
1043 2106 1241 2191 conparanda
1263 2111 1322 2171 est.
1344 2103 1421 2170 Nam
1437 2121 1457 2162 u
1539 2135 1540 2144 ι

281 2216 313 2276 et
335 2212 391 2276 illa
414 2213 493 2278 ratio
517 2212 671 2290 Platonis,
697 2232 759 2296 qua
783 2212 940 2278 elementa
959 2217 1111 2297 quattuor·
1132 2212 1335 2296 proportione
1355 2231 1422 2276 eou-

280 2319 359 2384 texit
381 2319 482 2402 adque
507 2317 642 2395 ordinat,
666 2318 712 2384 ita
735 2317 858 2384 duobus
883 2321 1041 2396 extremis,
1064 2319 1131 2404 igni
1158 2319 1371 2384 mobilissimo
1395 2321 1423 2382 et

280 2428 381 2491 terrae
404 2425 560 2502 inmobili,
584 2424 689 2489 media
713 2424 784 2506 duo,
809 2445 912 2490 aerem
937 2428 969 2491 et
996 2445 1121 2508 aquam,
1149 2425 1350 2502 interserens
1380 2429 1421 2500 ut,

282 2535 400 2616 quanto
425 2536 475 2596 est
496 2551 551 2597 aer
573 2531 663 2614 aquis
688 2535 720 2597 et
743 2551 813 2597 aere
836 2533 932 2617 iguis,
956 2536 1044 2598 tauto
1070 2536 1101 2597 et
1123 2551 1223 2616 aquae
1248 2533 1421 2616 superiores

282 2639 346 2704 sint
381 2639 484 2717 terris,
522 2639 602 2704 satis
641 2658 698 2704 nos
735 2639 883 2705 admouet
919 2640 1103 2705 animalium
1135 2641 1249 2705 men'ta
1279 2659 1340 2706 uon
1371 2657 1458 2722 prou

282 2747 508 2813 elementorum
529 2744 678 2830 gradibus
699 2747 874 2812 aestimare.
898 2747 939 2812 Et
957 2746 1025 2828 ipse
1045 2747 1161 2829 quippe
1181 2746 1335 2829 Apuleius
1355 2766 1423 2812 cunr

282 2853 396 2918 ceteris
419 2854 567 2918 banestre
591 2851 707 2918 animal
730 2851 889 2918 homiuem
914 2852 1003 2930 dicit,
1029 2852 1083 2934 qui
1101 2858 1207 2918 tamen
1226 2853 1320 2938 longe
1340 2871 1422 2935 pree

281 2959 409 3042 ponitur
439 2959 626 3024 animalibus
651 2959 855 3044 aquatilibus,
880 2978 953 3024 eum
984 2959 1071 3043 ipsas
1103 2977 1201 3043 aquas
1224 2960 1317 3025 terris
1341 2978 1423 3042 prae-

281 3069 379 3148 ponat
400 3066 507 3130 Plato:
540 3069 578 3130 ut
607 3065 887 3150 intellegentem
917 3067 1050 3132 eundern
1082 3065 1222 3132 ordinem
1245 3067 1422 3143 tenendum,

283 3191 355 3237 eum
389 3173 494 3256 agitur
526 3171 563 3236 de
596 3172 717 3237 meritis
750 3172 935 3252 animarum,
960 3173 1014 3256 qui
1045 3173 1173 3238 uidetur
1197 3192 1267 3238 esse
1296 3173 1372 3238 ordo
1393 3171 1457 3236 ins

283 3277 432 3363 gradibus
457 3298 637 3361 corporum3
662 3278 719 3344 sed
742 3279 809 3344 fieri
835 3299 939 3362 posse,
963 3285 1002 3344 ut
1027 3281 1159 3346 inferius
1184 3299 1298 3363 eorpus
1324 3281 1421 3345 anima

283 3386 396 3451 melior
418 3385 575 3450 inhabitet
597 3386 795 3469 deteriorque
820 3387 976 3468 superius.

372 3613 405 3666 21
427 3611 460 3666 de
480 3611 530 3666 deo
550 3613 623 3666 Soer.
643 3631 668 3682 p.
688 3613 713 3670 8.
735 3613 767 3667 10
786 3612 885 3668 Goldb.

322 3775 335 3827 l
356 3788 535 3842 proponemus
555 3773 612 3840 i¹s,·
631 3789 838 3845 preponeremus
858 3772 879 3828 t²
968 3773 1148 3828 asenciente
1169 3773 1305 3826 alimentis
1325 3764 1420 3839 corpori

285 3861 505 3934 opnshsbenta
595 3864 695 3935 9arip
715 3869 739 3916 et
759 3863 775 3916 t.
798 3867 833 3916 12
851 3862 901 3916 arii
924 3862 955 3916 C¹
1048 3863 1080 3918 13
1108 3862 1165 3916 siut
1183 3877 1234 3915 om.
1255 3861 1278 3927 1,·
1298 3865 1360 3914 unt
1376 3855 1420 3924 q¹s

295 3981 367 4035 erC
434 3981 466 4034 14
485 3981 675 4050 rpeimpiornm
698 3979 732 4044 0;
750 3979 809 4049 spei
828 3979 1002 4048 impiorums
1057 3979 1089 4032 15
1109 3976 1289 4048 comparanda
1308 3979 1355 4036 est,
1373 3970 1420 4026 nds

286 4073 379 4126 estm.
400 4073 419 4122 2
437 4071 468 4124 a'n
486 4085 585 4132 rame
659 4071 690 4122 17
711 4071 842 4122 extremos
864 4067 897 4122 0¹
969 4067 1090 4122 nobiliss.
1110 4065 1169 4120 0¹3¹
1239 4065 1271 4120 19
1290 4063 1420 4118 saresta

285 4157 420 4212 seremO
488 4159 521 4212 21
543 4157 618 4228 grad.
639 4159 749 4212 elemo
829 4157 1011 4210 existimaret
1082 4157 1117 4209 22
1135 4153 1308 4209 terrestribus
1326 4149 1419 4205 animr-

284 4246 384 4301 libusa
438 4247 472 4302 23
491 4247 652 4302 animalibus
672 4263 752 4301 oms
823 4247 902 4300 terris
921 4243 1076 4314 typothetae
1094 4259 1185 4298 errore
1200 4241 1237 4310 (t)
1253 4257 1303 4296 οιιι.
1317 4229 1420 4294 namt-²

286 4337 320 4390 24
340 4337 505 4406 intellegant
525 4336 736 4404 Cabdetps;
755 4334 947 4404 intellegamus
966 4333 1036 4402 qul:
1049 4335 1094 4396 fv
1112 4329 1226 4388 Domb.²
