3094 4932
608 419 634 473 S.
663 417 819 472 Aurelii
846 415 1064 484 Augustini

685 609 821 676 CAPUT
845 608 991 673 XXXVI.

340 754 395 818 De
420 753 567 836 quibus
593 752 730 816 causis
755 751 946 834 sequenti
971 750 1256 832 disputatione
1281 749 1336 813 sit

692 857 982 923 disserendum.

308 1000 369 1066 Sed
397 1000 499 1066 adbuc
528 1000 606 1064 mibi
635 999 790 1082 quaedam
818 998 952 1064 dicenda
980 1000 1055 1063 sunt
1085 997 1237 1064 aduersus
1267 1016 1332 1076 eos,
1356 1000 1415 1080 qui

261 1108 421 1173 Romanae
448 1107 492 1171 rei
520 1106 667 1189 publicae
695 1106 801 1171 clades
829 1106 861 1170 in
889 1105 1075 1188 religionem
1098 1109 1238 1170 nostram
1262 1104 1413 1182 referunt,
1449 1131 1462 1170 ⁵

263 1233 325 1297 qua
362 1214 411 1278 dis
450 1214 517 1278 suis
551 1213 725 1278 sacrificare
757 1212 973 1296 prohibentur.
1022 1211 1305 1278 Commemoranda
1337 1216 1415 1276 sunt

262 1321 345 1385 euim
373 1339 453 1402 quae
483 1323 515 1384 et
538 1322 657 1401 quanta
680 1338 841 1384 occurrere
865 1319 1027 1402 potuerint
1048 1319 1102 1383 nel
1127 1320 1204 1383 satis
1229 1337 1300 1383 esse
1323 1316 1412 1382 uide-

262 1427 380 1492 buntur
408 1429 502 1505 male,
527 1445 607 1509 quae
635 1427 691 1491 illa
714 1427 829 1490 ciuitas
852 1426 984 1508 pertulit
1007 1427 1061 1490 uel
1085 1426 1123 1489 ad
1149 1426 1217 1491 eius
1241 1426 1410 1509 imperium

262 1533 441 1616 prouinciae
475 1533 681 1616 pertinentes,
713 1535 882 1614 antequam
915 1551 1024 1596 eorum
1062 1530 1217 1596 saomficia
1252 1531 1412 1614 prohibita

261 1640 411 1715 fuissene
456 1658 535 1721 quae
564 1639 669 1705 omnia
695 1641 806 1721 procul
835 1637 930 1704 dubio
958 1637 1051 1703 nobis
1079 1638 1263 1716 tribuerent,
1292 1637 1320 1702 si
1347 1637 1410 1702 iam
1432 1665 1459 1703 10

261 1747 314 1810 uel
336 1746 402 1810 illis
427 1746 559 1811 clareret
581 1749 689 1812 nostra
712 1745 834 1831 religio,
859 1746 912 1809 uel
935 1746 981 1809 ita
1004 1763 1058 1809 eos
1082 1764 1101 1809 a
1124 1745 1221 1809 sacris
1246 1745 1410 1829 sacrilegis

259 1853 451 1935 prohiberet.
492 1852 613 1916 Deinde
641 1852 879 1918 monstrandum
908 1853 967 1927 est,
997 1871 1076 1934 quos
1105 1871 1214 1916 eorum
1241 1870 1345 1916 mores
1378 1855 1411 1916 et

262 1977 356 2042 quam
381 1959 421 2023 ob
446 1951 574 2023 causam
593 1959 682 2023 Deus
701 1978 796 2023 uerus
817 1957 856 2022 ad
875 1958 1053 2042 augendum
1072 1959 1240 2042 imperium
1260 1957 1409 2022 adiuuare

260 2066 408 2149 dignatus
438 2067 496 2143 est,
521 2066 552 2129 in
582 2065 673 2130 cuius
702 2068 860 2149 potestate
889 2069 964 2130 sunt
990 2084 1087 2149 regna
1111 2066 1225 2142 omnia,
1251 2084 1407 2148 quamque

260 2172 339 2235 nihil
368 2191 422 2236 eos
447 2171 626 2236 adiuuerint
648 2171 693 2249 bi,
717 2191 796 2254 quos
821 2172 897 2236 deos
920 2175 1044 2254 putant,
1070 2175 1102 2237 et
1124 2172 1231 2256 potius
1255 2174 1406 2254 quantum
1430 2199 1456 2237 1⁵

260 2277 445 2360 decipiendo
484 2283 516 2343 et
552 2277 689 2344 fallendo
728 2279 900 2344 nocuerint.
950 2279 1116 2343 Postremo
1160 2279 1313 2344 aduersus
1354 2297 1407 2343 eos

260 2383 393 2462 dicetur,
419 2384 473 2467 qui
501 2383 772 2450 manifestissimis
801 2384 999 2450 documentis
1029 2385 1183 2450 confutati
1212 2385 1313 2467 adque
1338 2403 1408 2449 con·

260 2489 339 2554 uicti
364 2492 516 2554 conantur
538 2490 682 2556 adserere
701 2509 761 2555 non
781 2495 909 2574 propter
926 2493 1012 2556 uitae
1030 2491 1205 2574 praesentis
1224 2491 1407 2567 utilitatem,

259 2595 316 2659 sed
338 2602 466 2679 propter·
489 2616 568 2676 eam,
589 2617 669 2680 quae
692 2602 768 2680 post
790 2601 924 2664 mortem
943 2599 1052 2663 futura
1071 2603 1130 2676 est,
1152 2599 1300 2664 colendos
1321 2599 1406 2662 deos.

260 2699 356 2780 Quae,
386 2701 447 2766 nisi
474 2703 577 2782 fallor,
603 2705 746 2787 quaestio
775 2706 876 2770 multo
906 2705 966 2770 erit
994 2706 1156 2789 operosior
1183 2709 1215 2770 et
1243 2706 1455 2773 subtiliores>

259 2809 474 2892 disputatione
507 2811 640 2894 dignior,
669 2815 707 2876 ut
738 2815 771 2876 et
802 2815 909 2878 contra
941 2813 1146 2896 philosophos
1179 2814 1211 2877 in
1245 2833 1281 2877 ea
1309 2813 1407 2878 disse-

257 2918 353 2993 ratur,
377 2935 438 2980 non
463 2917 632 2999 quoslibet,
657 2919 712 2982 sed
737 2919 791 3001 qui
816 2923 894 3004 aput
916 2920 989 2984 illos
1014 2921 1278 2986 excellentissima
1308 2921 1406 3006 gloria

258 3023 334 3087 clari
362 3026 437 3087 sunt
466 3027 498 3088 et
521 3025 686 3089 nobiscum
714 3026 818 3090 multa
841 3027 992 3104 sentiunt,
1018 3031 1049 3092 et
1077 3027 1114 3092 de
1143 3028 1265 3092 animae
1293 3028 1406 3093 inmor-

257 3129 380 3193 talitate
410 3134 442 3194 et
469 3131 554 3213 quod
577 3131 665 3197 Deus
689 3152 784 3197 uerus
808 3133 962 3198 mundum
987 3133 1162 3198 condiderit
1185 3137 1217 3198 ot
1241 3135 1279 3199 de
1302 3136 1406 3217 proui-

258 3234 363 3299 dentia
387 3236 466 3314 eiua,
487 3255 549 3319 qua
571 3237 757 3303 uniuersum
782 3241 865 3322 quod
890 3239 1031 3305 condidit
1054 3241 1145 3324 regit.
1171 3241 1233 3308 Sed
1258 3243 1404 3324 quoniam
1421 3267 1448 3306 as
1532 3245 1533 3270 ³

257 3344 289 3404 et
305 3341 368 3424 ipsi
385 3342 417 3406 in
437 3342 513 3421 illis,
529 3363 608 3426 quae
629 3348 737 3410 contra
756 3366 812 3410 nos
833 3347 983 3424 sentiunt,
1002 3347 1168 3412 refellendi
1188 3352 1272 3427 siant,
1293 3349 1402 3413 deesse

256 3446 331 3511 huic
354 3447 458 3514 officio
482 3471 543 3516 non
567 3451 730 3530 debemus,
749 3457 786 3518 ut
812 3453 957 3518 refutatis
982 3454 1077 3538 inpiis
1101 3455 1402 3521 contradictionibus

256 3573 312 3635 pro
345 3555 478 3634 uiribus,
508 3577 587 3640 quas
615 3559 703 3623 Deus
735 3560 906 3642 impertiet,
936 3561 1119 3626 adseramus
1153 3562 1317 3627 ciuitatem
1346 3563 1402 3627 Dei

290 3780 460 3851 tqnaedam
479 3783 546 3836 mihi
565 3801 606 3852 qo
714 3785 892 3840 aduersumb
965 3787 1168 3857 5relegionern
1191 3787 1224 3841 0¹
1297 3790 1401 3844 danim

256 3873 380 3940 suntqo
435 3873 726 3944 'lpotueruntfflqa
780 3877 913 3944 9pertin.
933 3893 1044 3946 prouo
1106 3880 1136 3931 ll
1158 3879 1260 3949 relegio
1282 3879 1315 3934 0ι
1387 3897 1402 3932 a

255 3977 289 4013 ar.
309 3964 324 4012 1
344 3977 404 4029 sup.
425 3960 474 4014 lin.
494 3960 521 4014 L
610 3964 761 4033 sacrilegiis
780 3964 806 4018 L
899 3967 931 4020 12
951 3983 1026 4036 quoa,
1046 3984 1080 4020 m.
1100 3970 1121 4020 2
1138 3969 1169 4020 in
1188 3969 1234 4036 qui
1253 3973 1401 4032 marm

257 4049 289 4102 13
309 4065 389 4102 uerus
408 4051 482 4103 Deus
500 4067 516 4104 v
572 4053 605 4106 15
625 4056 653 4105 et
671 4054 762 4122 potius
777 4070 855 4120 orme.,·
874 4055 938 4124 quin
958 4056 1079 4124 potiuso
1136 4058 1167 4110 17
1188 4057 1321 4111 contutati
1341 4063 1402 4112 snut

255 4141 337 4206 atque
357 4137 458 4191 deuicti
479 4155 496 4206 q
603 4141 638 4194 20
657 4141 800 4196 subtiliore
820 4143 878 4198 ΕΛ
891 4143 1099 4211 Candacen·
1118 4146 1254 4200 subtiliori
1269 4146 1357 4216 ΜΗ
1369 4154 1401 4214 f;

255 4225 447 4280 sublirnioreo
511 4229 544 4282 23
565 4229 645 4284 etde
665 4233 950 4299 mss.;scilieetdev
1005 4235 1040 4288 24
1058 4236 1132 4289 Deus
1152 4251 1266 4290 ueruso
1339 4253 1401 4290 con·

255 4311 361 4366 dederit
382 4313 416 4368 0Ι
471 4315 504 4370 25
525 4317 652 4372 condidet
673 4319 706 4372 0¹
