3136 4928
403 435 450 490 De
476 436 649 490 ciuitate
674 435 735 490 dei
758 437 823 491 lib.
847 437 880 493 X.
906 455 979 508 cap.
1004 440 1046 494 22.
1231 445 1296 508 483

147 630 213 694 ista
232 631 324 694 ue'rae
345 631 562 712 ueraciterque
583 635 710 696 sanotae
725 633 886 717 religionis
901 633 968 710 uia;
994 655 1055 700 non
1071 636 1117 700 sie
1132 635 1296 714 Iunonem,

150 737 211 802 troo
235 741 285 801 est
307 737 406 801 aerias
430 741 605 819 potestates
629 739 753 819 piorum
779 739 953 804 uirtutibus
978 741 1167 822 inridentes,
1196 745 1296 809 nostri

149 847 304 926 martyres
329 844 470 908 uincunt.
504 843 572 908 Non
599 845 735 924 omnino,
761 847 788 910 si
813 846 874 910 diei
900 847 1017 912 usitate
1040 853 1159 931 posset,
1184 850 1295 916 heroes

151 951 250 1014 nostri
271 952 469 1034 supplicibus
490 951 591 1030 donis,
612 952 668 1016 sed
687 953 860 1017 uirtutibus
881 954 997 1018 diuinis
1012 955 1116 1020 Heran
1136 962 1296 1038 superant.

118 1055 357 1122 aOommodins
382 1059 497 1140 quippe
521 1057 626 1140 Scipio
650 1059 817 1124 Africanus
847 1064 896 1124 est
926 1062 1179 1144 cognominatus,
1213 1065 1296 1146 quod

149 1163 271 1230 uirtute
294 1165 433 1230 Africam
461 1166 585 1244 uicerit,
619 1185 713 1247 quam
744 1167 772 1230 si
800 1167 909 1232 hostes
939 1169 1028 1233 donis
1058 1171 1226 1250 placasset,
1261 1175 1297 1236 ut

149 1275 323 1350 parcerent.

592 1397 729 1464 CAPUT
753 1398 853 1463 XXII.

152 1537 261 1604 Unde
286 1537 342 1602 sit
370 1539 527 1602 sanetis
558 1539 774 1604 aduersum
800 1540 1012 1604 daemones
1036 1545 1228 1622 potestas
1257 1547 1296 1608 et

106 1668 133 1706 m
418 1645 520 1710 unde
544 1646 680 1710 sordis
705 1665 800 1711 uera
823 1647 1025 1730 purgatio.

196 1785 278 1850 Vera
300 1786 418 1868 pietate
443 1787 587 1851 homines
607 1787 665 1850 Dei
689 1787 803 1851 aeriam
829 1789 1018 1870 potestatem
1043 1787 1203 1852 inimioam
1224 1808 1295 1854 oon·

150 1893 341 1976 trariamque
378 1893 491 1974 pietati
529 1894 731 1958 exorcizando
766 1894 893 1972 eiciunt,
936 1914 996 1958 non
1032 1895 1196 1978 placando,
1231 1915 1298 1960 om-

149 2019 268 2080 nesque
313 1999 504 2065 tentationes
547 2000 749 2064 aduersitatis
790 2000 858 2065 eius
901 2002 1034 2066 nineunt
1074 2003 1189 2067 orando
1234 2023 1294 2067 non

147 2105 262 2188 ipsam,
296 2105 352 2170 sed
375 2106 476 2170 Deum
502 2124 594 2169 suum
619 2105 770 2169 aduersus
794 2107 907 2189 ipsam.
949 2105 1020 2170 Non
1050 2107 1133 2171 enim
1157 2108 1294 2191 aliquem

104 2237 131 2278 ra
149 2212 250 2276 uincit
274 2217 329 2276 aut
352 2213 505 2297 subiugat
523 2213 584 2276 nisi
604 2211 757 2276 societate
775 2213 909 2295 peceati.
933 2213 968 2278 In
990 2214 1058 2277 eius
1079 2233 1152 2298 ergo
1172 2215 1296 2279 nomine

148 2319 298 2396 uincitur,
333 2320 386 2401 qui
411 2318 571 2384 hominem
601 2319 759 2382 adsumsit
782 2319 911 2402 egitque
941 2320 1008 2383 sine
1032 2324 1171 2403 peceato,
1205 2324 1241 2384 ut
1264 2322 1295 2385 in

147 2427 218 2508 ipso
243 2426 405 2490 sacerdote
430 2445 465 2490 ao
489 2424 642 2490 saerifioio
666 2425 755 2490 fieret
777 2426 922 2491 remissio
946 2428 1158 2508 peecatorum,
1191 2427 1224 2491 id
1248 2431 1298 2491 est

148 2553 205 2614 per
228 2533 434 2598 mediatorem
458 2533 519 2596 Dei
543 2535 576 2596 et
597 2533 771 2608 hominum,
806 2532 967 2596 hominem
993 2531 1153 2598 Christum
1178 2533 1296 2611 Iesum,

149 2658 205 2720 per
224 2659 317 2722 quem
337 2641 420 2704 faeta
439 2645 641 2722 peccatorum
660 2639 847 2722 purgatione
867 2639 1108 2704 reconciliamur
1128 2641 1205 2705 Deo.
1224 2639 1296 2704 Non

103 2773 131 2812 ao
149 2747 230 2810 enim
256 2746 316 2810 nisi
341 2747 479 2829 peeoatis
503 2746 646 2810 homines
671 2748 857 2827 separantur
880 2765 897 2808 a
920 2746 997 2822 Deo,
1024 2765 1157 2828 quorum
1181 2748 1213 2810 in
1237 2746 1296 2810 hao

149 2854 218 2918 uita
244 2872 304 2916 non
335 2853 373 2917 tit
395 2857 503 2918 nostra
531 2853 661 2928 uirtute,
696 2853 751 2916 sed
776 2853 883 2917 diuina
911 2853 1114 2917 miseratione
1138 2852 1295 2937 purgatio,

148 2979 205 3042 per
227 2958 459 3043 indulgentiam
483 2959 581 3037 illius,
613 2979 673 3025 non
697 2979 752 3041 per
776 2961 916 3024 nostram
939 2959 1128 3041 potentiam3
1168 2959 1242 3041 quia
1266 2962 1298 3024 et

148 3066 218 3148 ipsa
242 3068 532 3148 quantulacumque
565 3067 678 3142 uirtus,
713 3085 793 3148 quae
827 3065 943 3130 dieitur
975 3070 1093 3144 nostra,
1125 3065 1214 3130 illius
1248 3068 1297 3128 est

147 3173 240 3237 nobis
264 3172 404 3238 bonitate
429 3191 590 3238 concessa.
633 3173 771 3237 Multum
805 3175 910 3236 autem
943 3173 1034 3237 nobis
1064 3173 1094 3236 in
1123 3174 1182 3236 hae
1205 3191 1295 3236 earne

101 3309 129 3348 aa
147 3280 372 3353 tribueremus,
397 3280 458 3344 nisi
481 3299 582 3362 usque
607 3279 645 3344 ad
671 3280 738 3343 eius
758 3279 990 3362 depositionem
1010 3280 1068 3343 sub
1092 3279 1186 3343 uenia
1207 3279 1296 3342 uiue-

146 3405 264 3450 remus.
307 3386 477 3468 Propterea
511 3407 584 3470 ergo
617 3386 708 3451 nobis
741 3405 796 3468 per
824 3385 1033 3450 Mediatorem
1063 3385 1215 3466 praest'ta
1248 3388 1296 3448 est

148 3493 261 3577 gratia,
294 3497 330 3556 ut
362 3493 478 3574 polluti
514 3513 604 3558 carne
637 3493 761 3576 peooati
794 3494 895 3556 carnis
929 3491 1053 3574 peceati
1086 3491 1295 3556 similitudine

147 3600 381 3666 mundaremur.
428 3599 497 3665 Hae
521 3600 579 3663 Dei
604 3599 714 3683 gratia,
747 3618 808 3682 qua
831 3599 862 3662 in
892 3618 947 3663 nos
979 3598 1118 3662 ostendit
1148 3617 1295 3681 magnam

183 3808 199 3860 3
220 3806 323 3870 heroes,
343 3823 377 3860 m.
397 3809 417 3860 2
434 3807 617 3876 superseru'pto
637 3807 689 3868 dni,
709 3823 735 3872 s,·
753 3805 850 3859 heroas
870 3805 899 3859 b²
958 3807 973 3858 4
994 3806 1077 3858 heran
1096 3805 1143 3871 et,·
1163 3805 1260 3857 Herem
1280 3822 1295 3857 o

145 3895 260 3960 Domb.,·
283 3895 380 3949 heroas
400 3897 458 3962 ab;
482 3913 545 3949 aera
563 3912 608 3964 ps
627 3897 755 3964 (fortasse
778 3901 862 3961 νεειε,Ι
887 3896 922 3962 ef.
948 3895 965 3948 1.
984 3898 1000 3946 1
1017 3910 1056 3960 sq.
1081 3892 1221 3957 Iunonem,
1245 3892 1296 3946 hoo

147 3987 190 4036 est
209 3985 296 4038 aerias
314 3987 467 4055 potestates
487 3991 512 4039 et
532 3985 548 4040 1.
568 3989 608 4052 11)
707 3985 740 4038 10
760 4000 824 4037 uera
844 3985 967 4051 eordiep
1066 3981 1197 4036 remum
1217 3996 1296 4033 suum

147 4073 301 4141 adelpsm
319 4090 397 4126 suum
415 4073 504 4126 Deum
522 4091 538 4128 o
557 4073 655 4127 Domt.
731 4073 762 4126 16
788 4073 935 4141 hominem]
953 4072 1098 4124 humanam
1118 4071 1230 4122 formam
1251 4069 1295 4122 ab

150 4163 181 4216 19
200 4179 278 4232 purg.
299 4165 400 4231 pereat.
421 4179 439 4216 a
538 4161 597 4216 Deo
617 4165 667 4216 om}
688 4179 707 4214 a
788 4163 823 4215 22
843 4165 871 4214 et
890 4159 976 4214 ouab
1058 4160 1092 4212 24
1111 4158 1189 4211 nobis
1208 4158 1295 4212 oued

145 4249 180 4304 28
210 4249 402 4304 mundaremur
425 4268 441 4305 a
466 4251 508 4305 dei
532 4252 622 4320 gratia
641 4267 720 4320 quam
740 4252 768 4304 in
786 4267 836 4304 nos
856 4249 978 4304 ostendit
995 4265 1094 4316 magna
1112 4245 1297 4300 misericordia

144 4357 196 4394 sua
217 4357 236 4392 o

1209 4439 1259 4494 31*
