3164 4932
383 439 434 494 De
463 441 638 496 ciuitate
667 441 728 496 dei
755 441 821 496 lib.
844 442 904 497 ΧΠ.
934 459 1008 514 cap.
1035 444 1075 501 lo.
1236 448 1301 512 593

154 655 207 701 eos
236 635 346 714 fursse,
375 637 525 718 quoniam
549 636 633 700 omui
657 638 798 720 temporo
821 637 958 715 fuerunt,
984 638 1133 720 quicum
1158 643 1301 723 tempore

152 742 230 807 facti
267 745 351 821 sunt,
385 746 441 806 aut
474 761 545 806 cum
579 743 695 824 quibus
723 743 808 808 facta
840 748 916 808 sunt
947 746 1100 828 tempora,
1132 750 1164 810 st
1197 749 1301 812 tamen

153 852 297 913 creatos?
325 849 436 932 Neque
460 849 543 912 enim
568 849 692 932 etipsa
715 853 857 932 tempora
881 853 985 915 creata
1009 871 1078 916 esse
1102 852 1300 937 negabimus,

154 956 301 1038 quamuis
326 955 410 1020 omni
433 958 576 1040 tempore
599 960 727 1038 tempus
750 957 851 1022 fuisse
874 977 966 1022 nemo
991 959 1142 1042 ambigat.
1167 959 1249 1024 Nam
1274 961 1302 1026 si

119 1081 214 1128 anon
247 1063 333 1127 omni
363 1065 505 1146 tempore
536 1062 598 1127 fuit
630 1066 768 1146 tempus,
802 1067 869 1128 erat
901 1083 974 1148 crgo
1008 1069 1146 1148 tempus,
1177 1066 1300 1150 quando

151 1170 277 1234 nullum
300 1171 367 1234 erat
389 1172 526 1253 tempus.
552 1168 631 1250 Quis
655 1169 716 1234 hoc
735 1168 947 1236 stultissimus
967 1172 1100 1237 dixerit?
1123 1172 1301 1238 Possumus

152 1278 235 1340 onim
258 1279 343 1340 recte
367 1276 485 1340 dicore:
513 1277 589 1340 Erat
611 1279 749 1360 tempus,
775 1277 898 1360 quando
922 1297 983 1342 uon
1008 1282 1075 1344 erat
1096 1279 1210 1354 Roma;
1236 1283 1303 1344 erat

151 1385 289 1465 tempus,
323 1384 447 1466 quando
479 1403 539 1448 non
573 1387 640 1447 erat
666 1383 881 1459 Hierusalem
917 1387 983 1449 orat
1009 1389 1147 1469 tempus,
1177 1387 1300 1468 quando

152 1507 213 1553 non
242 1493 310 1553 erat
331 1489 505 1565 Abraham
536 1493 603 1554 erat
629 1493 767 1574 tempus,
797 1489 920 1572 quando
948 1511 1010 1556 nou
1039 1496 1107 1556 erat
1134 1492 1240 1573 homo,
1269 1495 1302 1557 et

107 1622 133 1661 ro
152 1595 180 1660 si
212 1595 288 1679 quid
320 1596 417 1662 huius
449 1597 549 1672 modi3
582 1599 743 1680 postremo
773 1597 800 1661 si
827 1617 889 1661 uon
918 1616 990 1662 cum
1018 1598 1108 1664 initio
1136 1599 1300 1682 temporis,

152 1702 208 1767 sed
230 1705 304 1786 post
327 1702 457 1786 aliquod
474 1706 602 1786 tempus
621 1704 725 1768 lactus
745 1706 794 1768 est
812 1704 960 1783 mundus,
984 1723 1156 1788 possumus
1181 1705 1300 1771 dicere:

151 1809 227 1872 Erat
249 1812 388 1892 tempus,
413 1810 538 1891 quaudo
556 1829 617 1875 non
639 1813 705 1874 erat
723 1810 875 1886 mundum
901 1813 933 1875 ct
952 1830 1042 1876 uero:
1067 1812 1143 1876 Erat
1160 1815 1300 1898 tempus,

151 1915 276 1998 quando
303 1918 428 1981 nullum
457 1921 523 1980 crat
549 1919 687 1999 tempus,
716 1919 781 1980 tam
808 1917 1065 1982 inconuenienter
1093 1918 1240 1999 dicimus,
1265 1939 1301 1984 ao

152 2023 179 2084 si
204 2023 371 2106 quisquam
395 2023 494 2087 dicat:
518 2023 594 2086 Erat
616 2024 721 2098 homo,
746 2023 871 2106 quando
891 2025 999 2088 nullus
1020 2029 1087 2089 erat
1105 2025 1210 2100 homo,
1231 2029 1300 2091 aut:

106 2154 132 2195 1⁵
150 2130 226 2194 Erat
248 2130 309 2194 iste
332 2129 480 2207 muudus,
506 2129 629 2211 quando
653 2130 799 2194 isteron
825 2132 891 2194 erat
914 2131 1062 2206 mundus.
1096 2130 1128 2196 Si
1154 2132 1237 2196 enim
1262 2133 1300 2198 de

150 2235 337 2318 alio'adque
361 2236 423 2301 alio
446 2235 661 2320 intellegatur,
684 2239 793 2318 potcst
816 2236 878 2301 dici
902 2236 1008 2319 aliquo
1032 2238 1137 2313 modo,
1157 2239 1217 2304 hoc
1237 2243 1301 2305 est:

151 2344 228 2407 Erat
254 2341 337 2407 alius
365 2343 470 2422 homo,
495 2343 619 2426 quando
643 2362 704 2406 uon
729 2346 795 2407 erat
817 2342 878 2407 iste
902 2343 1012 2420 homo,
1042 2344 1088 2407 sic
1113 2363 1202 2429 ergo:
1225 2345 1301 2410 Erat

150 2449 238 2513 aliud
264 2451 402 2532 tompus,
432 2449 555 2532 quando
583 2469 643 2514 uon
672 2451 739 2513 erat
767 2449 827 2513 hoo
853 2452 992 2532 tempus,
1019 2453 1104 2514 recte
1127 2469 1300 2532 possumus

151 2556 267 2632 dicere;
300 2558 334 2619 at
364 2575 454 2620 uero:
488 2557 565 2620 Erat
595 2559 733 2639 tempus,
763 2554 886 2638 quando
914 2557 1039 2621 nullum
1068 2561 1134 2622 erat
1160 2560 1299 2641 tempus,

105 2661 222 2744 coquis
246 2663 300 2726 uel
322 2661 606 2744 insipientissimus
631 2663 765 2727 dixerit?
790 2663 881 2728 Sicut
904 2683 979 2748 ergo
1004 2663 1138 2728 dicimus
1159 2667 1300 2728 creatum

150 2775 288 2852 tempus,
317 2789 390 2834 cum
417 2769 489 2834 ideo
518 2789 642 2854 semper
669 2770 769 2834 fuisse
793 2769 927 2847 dicatur,
952 2770 1026 2852 quia
1050 2771 1300 2854 omnitempore

148 2879 277 2958 tempus
304 2877 379 2940 fuit:
408 2877 454 2940 ita
481 2893 541 2940 non
572 2880 622 2940 est
649 2895 857 2959 consequens,
886 2882 932 2955 ut,
962 2877 990 2941 si
1018 2896 1143 2961 semper
1170 2879 1300 2944 suerunt

149 2983 264 3066 angeli,
288 2983 357 3048 ideo
382 3001 443 3047 uon
468 2984 531 3048 sint
554 2983 663 3060 creati,
687 2986 724 3046 ut
746 2986 912 3066 propterea
932 3002 1057 3065 semper
1075 2984 1176 3048 fuisse
1195 2985 1300 3049 dican-

147 3094 210 3165 tur,
240 3089 314 3172 quia
341 3089 426 3155 omni
454 3093 596 3172 tempore
624 3089 763 3166 fuerunt,
792 3097 823 3153 et
850 3093 1016 3173 propterea
1044 3091 1131 3154 omni
1158 3095 1298 3173 tempora

103 3225 128 3264 rs
147 3197 287 3274 fuerunt,
316 3196 389 3279 quia
417 3196 504 3261 nullo
532 3195 627 3260 modo
657 3194 724 3260 sine
752 3196 803 3260 his
831 3196 902 3278 ipsa
929 3200 1072 3280 tempora
1096 3217 1166 3261 esse
1189 3201 1299 3280 potue-

147 3306 230 3368 runt.
253 3303 317 3368 Ubi
340 3303 423 3367 enim
447 3303 535 3368 nulla
559 3305 701 3368 creatura
726 3306 785 3382 est,
811 3303 902 3368 cuius
926 3303 1135 3368 mutabilibus
1158 3304 1298 3370 motibus

147 3415 290 3495 tempora
321 3413 523 3495 peragantur,
557 3414 700 3492 tempora
734 3410 857 3474 omnino
892 3430 962 3475 esse
991 3430 1052 3475 uon
1080 3414 1228 3493 possunt;
1263 3431 1299 3477 ac

146 3539 203 3602 per
220 3519 280 3583 hoc
299 3519 361 3582 etsi
380 3537 504 3600 semper
522 3517 659 3594 luerunt,
681 3518 776 3582 creati
796 3520 880 3595 sunt,
895 3537 951 3582 nec
972 3518 999 3581 si
1019 3537 1143 3600 semper
1161 3518 1298 3596 fuerunt,

146 3626 219 3690 ideo
245 3624 386 3690 Creatori
409 3625 567 3690 coaeterni
592 3628 675 3689 sunt.
699 3625 758 3688 llle
783 3625 864 3688 enim
890 3643 1015 3708 semper
1032 3625 1095 3689 fuit
1114 3625 1299 3689 aeternitate

102 3760 128 3800 so
146 3731 341 3807 inmutabili;
379 3731 433 3795 isti
472 3734 578 3794 autem
611 3731 688 3795 lacti
721 3735 809 3806 sunt;
849 3731 905 3794 sed
936 3731 1007 3796 ideo
1042 3749 1167 3814 semper
1198 3731 1298 3796 luisse

147 3839 306 3916 dicuntur,
339 3838 415 3919 quia
447 3837 532 3902 omui
564 3841 705 3920 tempore
737 3838 876 3916 fuerunt,
910 3837 978 3901 sine
1011 3837 1127 3919 quibus
1155 3842 1300 3919 tempora

183 4090 383 4144 leosom.V
438 4092 556 4160 2temp.
576 4089 733 4144 factasunt
753 4090 787 4144 to
849 4090 975 4160 3ipsot
1046 4089 1206 4158 negauimus
1231 4088 1298 4141 V¹l¹

145 4181 293 4248 4qucmt
357 4179 445 4233 lnon
465 4195 549 4247 usque
568 4179 607 4231 ad
625 4195 679 4232 nou
699 4181 757 4232 erat
776 4178 932 4232 l.8cm.e¹
1000 4179 1030 4231 ll
1052 4193 1196 4247 possumus
1214 4191 1299 4244 usquc

146 4268 186 4322 od
202 4267 390 4324 muudusom.
410 4266 434 4320 e¹
519 4269 552 4322 15
572 4267 611 4320 sic
631 4268 702 4320 enim
722 4268 755 4320 de
775 4267 862 4322 altat
945 4269 976 4322 17
996 4267 1073 4320 siet
1150 4267 1184 4320 23
1205 4269 1299 4319 suntt

145 4357 180 4409 27
199 4359 324 4425 tempora
342 4371 435 4425 perag.
455 4372 506 4410 om.
526 4355 542 4409 b
615 4359 783 4425 peraguntur
806 4357 831 4410 V
883 4357 918 4411 30
936 4355 1107 4409 inmutabilis
1125 4359 1136 4410 t

173 4481 255 4521 XXXX
269 4479 329 4529 Aug.
345 4491 416 4530 opera
430 4481 505 4522 Sestio
519 4479 539 4520 V
553 4490 607 4530 pars
621 4480 639 4519 l.
1226 4459 1261 4514 38
