3094 4932
301 423 353 478 De
382 425 555 479 ciuitate
583 426 644 480 dei
671 426 734 480 lib.
762 427 784 484 1.
815 445 889 498 cap.
918 429 960 484 33.
988 430 1030 484 34.
1059 429 1101 482 35.
1239 433 1279 498 57

124 621 162 680 ut
186 619 243 683 uel
267 619 327 684 sub
351 620 475 685 nomine
499 639 664 685 seruorum
688 621 756 686 eius
780 622 887 687 nolin
910 623 989 688 locis
1013 627 1186 707 martyrum
1212 625 1280 690 eius

125 723 264 790 hostiles
292 745 406 790 manus
436 725 622 792 suaderetis.
664 728 819 794 Romulus
849 732 881 794 et
908 730 1026 795 Remus
1056 731 1179 815 asylum
1209 751 1280 796 oon-

125 832 277 898 stitnisse
304 834 518 916 perhibentur,
544 854 605 917 quo
634 836 778 918 quisquis
808 837 992 920 confugeret
1020 837 1058 902 ab
1088 837 1173 903 omni
1201 858 1279 903 nona

123 938 210 1002 liber
232 943 329 1016 esset,
349 959 464 1024 augere
488 945 674 1023 quaerentes
699 943 847 1006 creandae
870 943 1109 1008 multitudinem
1129 944 1279 1010 ciuitatis.

94 1044 310 1108 sMirandum
339 1045 372 1110 in
401 1046 550 1110 honorem
576 1046 695 1113 Christi
722 1047 879 1131 processit
902 1049 1090 1131 exemplum.
1115 1049 1185 1115 Hoc
1209 1071 1279 1115 con-

125 1150 305 1216 stituerunt
324 1171 485 1218 euersores
505 1153 611 1229 Urbis,
628 1154 711 1236 quod
732 1155 962 1219 constituerant
981 1159 1071 1220 antea
1091 1157 1278 1222 conditores.

126 1255 214 1336 Quid
243 1261 350 1324 autem
377 1279 537 1344 magnum,
562 1261 590 1324 si
613 1261 672 1325 hoc
696 1260 839 1325 iecerunt
862 1260 920 1339 illi,
945 1263 982 1326 ut
1006 1262 1125 1326 ciuium
1150 1283 1279 1328 suorum

124 1384 280 1430 numerus
311 1366 521 1449 subpleretur,
547 1367 631 1448 quod
659 1367 802 1432 fecerunt
829 1367 895 1445 isti,
919 1371 957 1432 ut
984 1388 1115 1434 suorum
1138 1369 1278 1434 hostium

124 1473 341 1538 numerositas
366 1477 565 1538 seruaretur?

85 1701 107 1737 ro
559 1666 696 1732 CAPUT
720 1668 849 1734 XXXV.

124 1807 180 1872 De
215 1807 448 1872 latentibus
481 1808 588 1874 inter
621 1810 756 1892 inpios
786 1811 992 1876 eeclesiae
1021 1811 1130 1878 filiis
1161 1816 1199 1876 et
1233 1811 1277 1876 de

308 1916 430 1980 falsis
455 1917 561 1982 intra
585 1917 804 1983 ecclesiam
830 1916 1094 1986 Christianis.

169 2056 261 2120 Haec
281 2058 313 2120 et
330 2057 418 2134 talia,
439 2058 467 2122 si
486 2077 547 2140 qua
565 2057 694 2122 uberius
715 2061 746 2123 et
766 2059 963 2124 commodius
982 2060 1132 2142 potuerit,
1151 2080 1278 2144 respon·

126 2161 200 2226 deat
224 2163 362 2228 inimicis
386 2164 454 2228 suis
477 2165 618 2230 redemta
641 2165 763 2230 familia
787 2165 906 2230 domiui
927 2166 1044 2231 Christi
1064 2171 1096 2232 et
1114 2169 1278 2252 peregrina

87 2296 109 2335 n
126 2269 244 2332 ciuitas
272 2269 357 2352 regis
383 2268 511 2334 Christi.
549 2271 731 2336 Meminerit
759 2291 832 2336 sene
861 2273 892 2336 in
914 2271 994 2354 ipsis
1018 2274 1155 2339 inimicis
1178 2275 1276 2339 latere

126 2376 216 2440 ciues
245 2377 382 2453 futuros,
410 2397 449 2441 ne
476 2378 712 2442 infructuosum
739 2379 792 2443 uel
820 2385 899 2462 aput
930 2380 1017 2463 ipsos
1049 2384 1152 2462 putet,
1181 2381 1276 2464 quod,

127 2481 227 2546 donec
249 2484 414 2566 perueniat
436 2483 475 2548 ad
495 2484 667 2560 confessos,
686 2487 792 2567 portat
809 2486 965 2563 infensos3
991 2485 1076 2553 siout
1094 2507 1129 2552 en
1147 2487 1276 2552 illorum

125 2609 258 2654 numero
283 2589 376 2654 etiam
401 2590 461 2655 Dei
484 2591 599 2656 ciuitas
623 2592 719 2682 habet
741 2611 860 2669 secum,
885 2592 1037 2675 quamdiu
1060 2594 1277 2678 peregrinatur

125 2695 155 2761 in
188 2697 321 2778 mundo,
350 2715 483 2762 conexos
515 2699 734 2763 communione
769 2701 1046 2776 sacramentorum,
1075 2718 1131 2763 neo
1167 2718 1275 2763 secum

85 2803 254 2868 adiuturos
282 2803 314 2866 in
342 2807 467 2868 aeterna
500 2807 584 2869 sorte
616 2808 809 2882 sanctorum,
840 2804 894 2887 qui
926 2805 1041 2887 partim
1074 2806 1105 2870 in
1140 2805 1275 2882 occulto,

125 2911 243 2990 partim
266 2910 299 2974 in>
322 2913 430 2994 aperto
455 2914 539 2988 sunt,
560 2912 615 2994 qui
639 2911 736 2976 etiarn
760 2931 832 2978 cum
856 2911 935 2993 ipsis
958 2911 1096 2976 inimicis
1121 2913 1274 2977 aduersus

126 3015 241 3095 Deum,
271 3017 362 3082 cuius
392 3021 621 3082 sacramentum
651 3021 775 3102 gerunt,
803 3037 999 3083 murmurare
1029 3039 1089 3083 non
1117 3019 1274 3096 dubitant,

125 3123 219 3189 modo
249 3125 413 3190 cumillis
442 3126 575 3205 theatra,
603 3126 698 3191 modo
728 3127 877 3191 ecclesias
909 3126 1074 3190 nobiscum
1107 3126 1274 3209 replentes.

126 3231 172 3296 De
201 3231 395 3296 correctione
423 3235 529 3296 autern
558 3233 754 3315 quorundam
783 3233 879 3297 etiarn
906 3233 1019 3298 talium
1043 3232 1274 3298 multominus

87 3363 109 3401 ιι
126 3342 176 3402 est
195 3337 436 3419 desperandum,
453 3339 479 3404 si
499 3343 576 3421 aput
595 3339 812 3422 apertissimos
833 3339 1030 3404 aduersarios
1048 3339 1274 3423 praedestinati

126 3445 221 3509 amici
243 3445 380 3521 latitant,
401 3445 503 3510 adhuc
526 3445 627 3530 ignoti
652 3446 747 3510 etiam
772 3445 842 3512 sibi.
865 3447 1035 3529 Perpienae
1059 3447 1175 3530 quippe
1199 3451 1275 3512 sunt

125 3551 206 3616 istae
240 3551 320 3617 duee
353 3552 500 3616 ciuitates
532 3554 563 3617 in
597 3553 657 3618 hoc
695 3553 821 3618 saeculo
858 3552 1059 3634 inuicemque
1092 3555 1274 3635 permixtae,

126 3657 225 3721 donec
242 3658 356 3722 ultimo
374 3657 491 3722 indicio
512 3657 710 3735 dirimendum
732 3658 769 3724 de
789 3679 921 3742 quarum
942 3662 1050 3722 exortu
1070 3663 1102 3722 ct
1120 3679 1273 3742 procursu

127 3769 157 3827 et
181 3763 297 3828 debitis
320 3763 436 3828 finibus
466 3765 550 3848 quod
580 3765 747 3830 dicendum
772 3765 916 3842 arbitror,
941 3768 1095 3847 quantum
1119 3764 1272 3831 diuinitus

88 3885 111 3927 so
127 3869 311 3949 adiuuabor‚
333 3871 493 3954 expediam
513 3875 641 3954 propter
659 3872 792 3956 gloriam
813 3871 953 3936 ciuitatis
972 3872 1042 3950 Dei,
1063 3891 1142 3954 quae
1162 3873 1272 3938 alienis

127 3978 321 4042 econtrario
345 3977 533 4060 comparatis
558 3979 674 4043 clarius
698 3979 859 4044 eminebit.

160 4150 329 4206 ilineth
365 4151 1080 4222 5prooessitLhCabdppuicf;preecossitcv
1116 4153 1270 4208 durbesC¹

126 4239 141 4292 8
160 4239 333 4311 subpieretur
346 4241 379 4303 C‚·
398 4240 617 4309 inplereturLA
665 4241 696 4294 13
712 4245 740 4294 et
753 4257 804 4294 ora.
820 4241 853 4294 C¹
915 4244 943 4294 et
956 4241 1009 4294 alia
1019 4245 1043 4294 A
1053 4259 1112 4310 op,·
1127 4240 1273 4310 etuliquaq

129 4330 158 4384 16
178 4330 250 4384 cibes
270 4329 296 4383 L
353 4329 385 4382 18
405 4328 525 4399 quandiu
548 4330 579 4384 C¹
634 4331 668 4383 24
689 4329 910 4398 quorumdamC
962 4332 994 4386 31
1016 4330 1224 4386 emineuitLA
