3072 4930
338 419 388 473 De
417 419 591 474 ciuitate
620 419 682 474 dei
709 419 774 474 lib.
802 419 867 477 1111.
897 437 971 492 cap.
1000 421 1043 476 22.
1064 422 1106 476 23.
1234 426 1295 490 191

589 613 725 682 CAPUT
748 615 867 680 ΧΧΙΙΙ.

147 757 202 822 De
218 757 458 834 Felicitate,
474 775 587 841 quam
603 755 778 835 Romani,
794 759 1016 823 multorum
1031 762 1298 825 ueneratores

148 865 328 943 deorum,
348 863 416 929 din
438 883 512 929 non
537 864 753 929 coluerunt
775 863 924 929 honore
948 864 1099 943 diuino,
1121 884 1206 931 cum
1229 887 1299 950 pro

445 969 631 1035 omnibus
657 970 745 1035 sela
768 971 1003 1036 sufficeret.

117 1136 130 1176 1
194 1111 259 1178 Sed
281 1111 378 1195 (unde
407 1131 490 1176 nunc
519 1109 638 1196 agitur)
663 1111 691 1175 si
718 1109 792 1175 libri
821 1114 853 1177 et
881 1131 969 1177 sacra
993 1131 1101 1178 eornm
1125 1134 1201 1179 uera
1225 1117 1300 1180 sunt

148 1221 181 1284 et
202 1219 356 1284 Felicitas
385 1217 443 1282 dea
470 1221 529 1295 est,
555 1237 636 1301 quur
663 1238 723 1284 non
751 1218 822 1302 ipsa
849 1239 912 1284 nna
940 1239 1020 1304 quae
1049 1221 1206 1286 coleretur
1229 1240 1300 1286 con-

148 1327 265 1390 stituta
288 1327 347 1399 est,
367 1345 447 1408 quae
471 1327 582 1408 posset
604 1325 754 1389 uniuersa
777 1326 917 1390 conferre
946 1329 978 1390 et
1001 1327 1174 1409 conpendio
1198 1327 1300 1393 fecere

147 1432 296 1497 felicem?
321 1431 400 1512 Quis
424 1431 507 1496 enim
532 1433 623 1514 optat
645 1430 765 1514 aliquid
788 1435 917 1515 propter
940 1432 1027 1498 aliud
1051 1453 1146 1516 quarn
1171 1437 1208 1500 nt
1225 1435 1299 1501 felix

148 1539 225 1604 fiat?
252 1536 341 1617 Quor
355 1537 490 1620 denique
503 1541 569 1602 tam
585 1557 654 1603 sero
674 1539 749 1604 huic
768 1541 873 1604 tantae
893 1537 968 1604 deae
987 1543 1061 1623 post
1079 1543 1128 1607 tot
1141 1542 1300 1608 Romanos

107 1671 131 1710 ιο
148 1645 309 1729 principes
341 1645 495 1710 Lucullus
533 1644 641 1710 aedem
682 1645 870 1711 constituit?
918 1643 1007 1725 Quur
1042 1645 1111 1732 ipse
1143 1648 1300 1713 Romulus

148 1751 276 1817 felicem
304 1751 434 1835 cupiens
463 1751 596 1817 condere
625 1751 788 1816 ciuitatem
811 1771 871 1817 non
895 1753 971 1817 huic
994 1755 1150 1837 templum
1173 1754 1302 1836 potissi-

148 1879 239 1924 mum
277 1861 392 1924 struxit
427 1879 485 1924 nec
522 1861 650 1943 propter
686 1857 808 1942 aliquid
851 1859 901 1925 dis
944 1861 1058 1926 ceteris
1096 1859 1300 1945 supplicauit,

150 1965 277 2048 quando
301 1965 381 2031 nihil
405 1965 541 2048 deesset,
563 1966 590 2032 si
613 1967 691 2031 haec
714 1967 862 2033 adesset?
884 1967 967 2033 Nam
990 1967 1113 2051 etipse
1136 1987 1194 2033 nec
1211 1967 1300 2051 prius

149 2091 212 2150 rer,
232 2091 291 2138 nee
314 2075 351 2137 ut
373 2075 488 2155 putant
511 2075 623 2154 postea
646 2071 723 2138 deus
748 2072 845 2150 lieret,
866 2073 894 2138 si
917 2073 998 2138 hanc
1021 2071 1112 2139 deam
1131 2073 1301 2157 propitiam

108 2198 212 2244 1111011
240 2179 382 2243 haberet.
418 2178 464 2244 Ut
492 2179 568 2261 quid
597 2197 670 2263 ergo
700 2178 867 2244 constituit
894 2179 1045 2244 Romanis
1074 2179 1150 2244 deos
1178 2179 1301 2260 lanum,

150 2285 274 2365 Iouem,
301 2285 448 2364 Martem,
473 2285 595 2370 Picum,
618 2284 773 2363 Faunum,
798 2285 991 2362 Tiberinum,
1014 2285 1185 2351 Herculem
1215 2289 1247 2351 et
1275 2285 1302 2352 si

151 2411 232 2475 qnos
262 2391 363 2457 alios?
400 2391 445 2456 Ut
473 2391 549 2475 quid
575 2391 667 2456 Titus
691 2391 802 2456 Tatius
831 2391 953 2456 addidit
982 2390 1165 2474 Saturnum,
1191 2391 1302 2476 Opem,

152 2497 270 2576 Solem,
289 2499 420 2576 Lunam,
435 2498 627 2588 Vulcanum,
646 2497 765 2562 Lucem
786 2501 818 2562 et
837 2517 1053 2582 quoscumque
1073 2499 1152 2565 alios
1171 2499 1302 2578 addidit,

150 2601 233 2668 inter
252 2622 331 2686 quos
351 2603 447 2668 etiam
466 2602 557 2668 deam
578 2602 769 2680 Cloacinam,
789 2603 954 2668 Felicitate
973 2603 1139 2688 neglecta?
1163 2603 1208 2670 Ut
1227 2603 1303 2688 quid

108 2738 134 2778 ao
150 2709 258 2776 Numa
281 2715 331 2776 tot
354 2710 429 2776 deos
454 2713 486 2775 et
508 2713 557 2775 tot
582 2709 655 2775 deas
680 2711 748 2774 sine
771 2709 855 2774 ista?
892 2709 940 2774 An
965 2729 1033 2774 earn
1057 2709 1137 2776 forte
1160 2710 1192 2774 in
1215 2713 1303 2775 tanta

150 2817 246 2882 turba
274 2817 382 2883 uidere
411 2837 471 2882 non
500 2817 627 2899 potuit?
669 2815 830 2882 Hostilius
863 2819 947 2881 certe
979 2835 1031 2881 rer
1064 2816 1139 2882 deos
1172 2820 1205 2881 et
1235 2797 1307 2900 ipse*

151 2943 253 2990 nouos
273 2923 429 2990 Pauorem
453 2923 556 3006 adque
574 2924 731 2988 Pallorem
754 2923 972 3006 propitiandos
996 2943 1056 2989 non
1079 2922 1304 3000 introduceret,

152 3032 181 3097 si
206 3033 297 3097 deam
321 3033 418 3096 istam
443 3033 552 3096 nosset
576 3033 631 3096 aut
655 3031 781 3096 coleret.
805 3030 974 3096 Praesente
1000 3031 1115 3114 quippe
1139 3029 1304 3094 Felicitate

153 3139 254 3204 omnis
282 3158 382 3222 parrer
410 3141 442 3204 et
464 3137 567 3222 pallor
590 3157 649 3203 non
673 3137 864 3221 propitiatus
890 3137 1083 3218 abscederet,
1108 3135 1165 3200 sed
1188 3136 1302 3218 pulsus

109 3272 134 3312 11
153 3245 329 3329 aufugeret.

199 3352 318 3417 Deinde
348 3351 422 3435 quid
453 3355 503 3418 est
526 3351 595 3427 hoc,
620 3349 705 3433 quod
728 3349 792 3414 iam
815 3350 993 3414 Romanum
1016 3349 1184 3433 imperium
1207 3349 1303 3434 lenge

152 3459 279 3542 lateque
303 3459 475 3538 crescebat,
496 3461 528 3522 et
546 3457 648 3522 adhuc
667 3476 758 3521 nemo
777 3456 977 3521 Felicitatem
997 3455 1140 3521 colebat?
1163 3456 1211 3521 An
1232 3455 1302 3521 ideo

117 3575 121 3582 '
153 3565 303 3651 grandius
331 3565 499 3649 imperium
527 3583 621 3649 quam
649 3563 776 3629 felicius
804 3563 887 3628 fuit?
929 3563 1010 3628 Nam
1039 3582 1102 3644 quo
1131 3562 1224 3628 modo
1257 3561 1302 3627 ibi

155 3676 241 3737 esset
272 3693 348 3738 uera
378 3673 528 3748 felicitas,
561 3671 618 3737 ubi
652 3689 725 3736 uera
757 3689 816 3736 non
850 3671 916 3734 erat
947 3651 1071 3752 pietas?
1112 3669 1219 3733 Pietas
1254 3671 1303 3733 est

110 3807 135 3847 1ο
154 3779 238 3843 enim
260 3799 355 3845 uerax
377 3779 445 3845 ueri
469 3779 530 3844 Dei
553 3778 671 3856 cultus,
695 3797 756 3843 non
781 3777 887 3842 cultus
910 3776 1064 3842 falsorum
1088 3777 1136 3840 tot
1160 3774 1302 3853 deorum,

191 3979 206 4032 7
225 3980 312 4050 possit
330 3983 353 4034 A
428 3978 652 4034 1010mu1usm.
671 3981 686 4031 1
705 3993 737 4031 aa
755 3991 882 4030 romanus
901 3991 969 4030 corr.
990 3974 1014 4027 C
1082 3975 1114 4029 12
1132 3973 1303 4028 1111111111

158 4067 191 4121 19
209 4067 519 4138 1111111111111111111,Ι
538 4067 622 4122 cluac.
644 4066 680 4133 0,·
698 4065 846 4120 cluatinam
867 4063 898 4133 11,’
916 4064 1081 4120 clueacinam
1101 4079 1115 4118 e
1215 4063 1302 4116 felici·

155 4159 241 4211 tatem
262 4157 308 4212 Oc
397 4159 432 4212 20
460 4156 531 4210 forte
553 4157 581 4209 in
604 4159 683 4210 tanta
706 4155 759 4208 mei
777 4153 864 4221 codd,
882 4169 912 4218 o;
934 4152 962 4205 in
981 4156 1061 4206 tanta
1079 4152 1148 4206 forte
1169 4169 1186 4203 α
1205 4150 1302 4206 Domo.

158 4246 192 4299 26
210 4245 260 4300 hoc
279 4263 330 4301 om.
351 4245 382 4300 o¹
485 4245 659 4300 1111111111ι
750 4244 784 4298 29
804 4246 846 4297 est
864 4259 923 4310 saep.
945 4241 1037 4296 toul
1137 4240 1208 4296 enim
1228 4245 1302 4294 esto

157 4333 288 4389 3011111
307 4335 357 4402 A¹‚·
374 4352 438 4390 uere
457 4333 493 4389 A²
