3072 4928
263 441 325 504 140
605 437 632 494 S.
660 437 818 492 Aurelii
845 433 1064 505 Augustini

261 633 372 714 Adque
395 633 426 695 in
451 634 539 696 tanta
562 637 667 715 strage
687 631 841 695 bellorum
862 629 957 693 etiam
977 628 1159 710 pestilentia
1178 629 1286 712 grauis
1305 631 1411 692 ereda

261 741 311 802 est
325 738 504 801 mulierum.
528 737 610 801 Nam
626 738 809 819 priusquam
824 739 966 800 maturos
981 739 1091 817 partus
1107 734 1243 810 ederent,
1259 735 1410 818 gramdae

260 834 484 910 moriebantur.
535 843 593 909 Ubi
631 863 675 920 se,
715 843 818 918 credo,
855 841 1066 923 Aesculapius
1108 842 1288 917 excusabat,
1327 841 1410 924 quod

261 951 462 1028 archiatrum,
502 969 561 1015 non
601 950 803 1014 obstetricem
841 949 1056 1032 profitebatur.
1103 947 1246 1012 Pecudes
1284 967 1409 1030 quoque

260 1057 408 1121 similiter
429 1056 610 1134 interibant,
630 1056 677 1121 ita
699 1059 736 1120 ut
760 1056 855 1120 etiam
880 1055 1078 1136 defecturum
1099 1073 1199 1138 genus
1224 1055 1408 1118 animalium
1435 1071 1444 1106 ι

261 1163 448 1228 crederetur.
500 1160 604 1241 eridi
641 1162 744 1226 biems
781 1162 838 1226 illa
874 1161 1088 1226 memorabilis
1126 1165 1192 1225 tam
1231 1161 1409 1226 incredibili

259 1270 443 1334 inmanitate
473 1269 627 1344 saeuiens,
651 1272 689 1334 nt
716 1269 845 1332 niuibus
873 1268 1027 1348 horrenda
1056 1267 1224 1332 altitudine
1253 1268 1351 1332 etiam
1377 1267 1407 1330 in

259 1375 327 1440 fero
354 1395 410 1457 per
438 1374 504 1439 dies
534 1374 742 1459 qnadraginta
767 1374 969 1438 manentibus
998 1373 1120 1438 Tiberis
1150 1391 1276 1456 quoque
1309 1373 1407 1456 glacie
1449 1453 1453 1466 ¹
1505 1423 1506 1426 ,

262 1481 434 1559 duraretur,
455 1481 483 1545 si
505 1481 622 1546 nostris
646 1480 843 1563 temporibus
868 1479 1047 1547 accidisset.
1069 1499 1147 1562 quae
1166 1480 1222 1545 isti
1242 1484 1274 1544 et
1294 1484 1408 1560 quanta

259 1587 425 1652 dixissent!
451 1585 626 1666 Quintilla
643 1586 754 1651 itidem
775 1587 885 1670 ingens
905 1587 1096 1670 pestilentia,
1113 1586 1264 1668 quamdiu
1284 1587 1407 1663 saeuiit,
1425 1606 1444 1641 ιο

259 1713 353 1775 quam
385 1696 504 1758 multos
537 1694 685 1777 peremit!
734 1693 821 1774 erae
855 1713 928 1758 cum
960 1694 992 1756 iu
1026 1713 1141 1757 anuum
1175 1692 1272 1756 alium
1307 1693 1406 1756 multo

258 1800 387 1883 grauius
421 1801 602 1866 tenderetur
633 1801 751 1865 frustra
783 1804 947 1883 praesente
975 1800 1176 1882 Aesculapio,
1205 1799 1328 1864 aditum
1360 1803 1407 1863 est

258 1906 297 1969 ad
326 1907 423 1972 libros
449 1907 630 1990 Sibyllinos.
668 1908 704 1972 In
729 1925 791 1990 quo
817 1925 930 1990 genere
955 1907 1164 1984 oraculorum,
1190 1907 1275 1970 sicut
1300 1905 1404 1970 Cicero

256 2014 287 2076 in
316 2012 406 2076 libris
427 2013 473 2081 ,de
502 2013 696 2078 diu‘iuatione
725 2015 961 2090 commemorat,
986 2013 1089 2096 magis
1117 2011 1345 2094 interpretibus
1372 2016 1405 2074 ut

257 2124 394 2201 possunt
426 2139 482 2183 seu
516 2119 630 2184 uolunt
664 2119 761 2184 dubia
788 2119 1041 2184 coniectantibus
1071 2117 1155 2182 credi
1185 2119 1276 2182 solet.
1321 2119 1404 2182 Tunc
1423 2126 1441 2164 ¹⁵

257 2244 331 2309 ergo
356 2225 476 2290 dictum
501 2230 550 2291 est
573 2245 642 2289 eam
668 2245 737 2291 esse
762 2245 889 2290 causam
915 2226 1125 2309 pestilentiae,
1146 2225 1230 2307 quod
1253 2226 1404 2307 plurimas

256 2333 349 2396 aedes
379 2351 484 2396 sacras
511 2333 605 2396 multi
634 2335 803 2416 occupatas
832 2333 983 2414 priuatim
1013 2335 1179 2396 tenerenta
1205 2332 1251 2397 sic
1278 2332 1404 2396 interim

257 2457 274 2501 a
297 2457 410 2522 magno
432 2439 597 2522 inperitiae
621 2440 675 2503 uel
699 2439 838 2504 desidiae
863 2439 993 2503 crimine
1016 2438 1227 2522 Aesculapius
1250 2438 1403 2503 liberatus

258 2549 316 2609 est.
341 2545 430 2610 Unde
450 2549 556 2610 autem
572 2565 590 2608 a
605 2546 716 2610 multis
737 2546 829 2610 aedes
849 2546 923 2610 illae
943 2546 1069 2610 fuerant
1088 2547 1260 2627 occupatae
1279 2546 1402 2609 nemine

256 2651 451 2733 probibente.
471 2651 532 2716 nisi
557 2652 632 2733 quia
650 2653 755 2716 tantae
775 2652 941 2717 numinum
961 2652 1072 2716 turbae
1091 2651 1146 2715 diu
1164 2652 1283 2716 frustra
1302 2651 1440 2715 saerata

256 2757 480 2840 supplicatum,
497 2758 598 2840 adque
612 2759 658 2821 ita
676 2757 830 2838 paulatim
848 2759 919 2823 loca
937 2758 1161 2822 deserebantur
1179 2777 1196 2822 a
1216 2757 1401 2824 cultoribus.

255 2869 292 2928 ut
322 2869 484 2947 tamquam
516 2883 620 2928 uacua
651 2864 719 2928 sina
750 2865 849 2929 ullius
882 2865 1053 2930 offensione
1088 2867 1220 2945 possent
1256 2862 1401 2928 humanis

255 2971 366 3035 saltem
395 2971 507 3035 usibus
536 2971 711 3035 uindicari?
753 2971 898 3054 Namque
926 2975 1002 3036 tunc
1037 2971 1127 3035 uelut
1159 2971 1197 3036 ad
1231 2969 1400 3034 sedandam

255 3077 470 3158 pestilentiam
508 3077 677 3160 diligenter
713 3079 847 3160 repetita
885 3078 985 3160 adque
1023 3081 1165 3160 reparata
1197 3076 1258 3141 nisi
1291 3079 1400 3158 postea

256 3182 364 3246 codem
393 3182 487 3248 modo
517 3185 663 3266 neglecta
691 3184 792 3267 adque
820 3189 975 3268 usurpata
1003 3185 1176 3259 latitarent,
1200 3203 1262 3248 non
1291 3182 1437 3264 utiquc²³

255 3307 387 3372 magnae
406 3289 537 3372 peritiae
553 3290 702 3355 Varronis
722 3291 923 3368 tribueretur,
944 3291 1028 3374 quod
1048 3290 1188 3356 scribens
1208 3289 1246 3354 de
1271 3288 1398 3354 aedibus

254 3395 351 3459 sacris
383 3399 447 3458 tam
481 3397 583 3460 multa
614 3397 757 3480 ignorata
792 3402 1027 3462 commemorat.
1071 3396 1133 3462 Sed
1166 3401 1242 3461 turre
1274 3395 1396 3460 interim

255 3502 381 3584 elegans
410 3519 471 3566 non
499 3503 698 3584 pestilentiae
727 3503 882 3587 depulsio,
907 3505 962 3569 sed
992 3505 1123 3569 deorum
1148 3504 1308 3568 excusatio
1332 3521 1396 3585 pro-

254 3609 363 3672 curata
387 3611 446 3672 est.

343 3869 429 3934 1311,
450 3887 471 3924 c.
492 3873 527 3925 54

290 4046 432 4114 leuorta,
452 4045 468 4098 h
489 4045 613 4112 crcs,0
682 4048 746 4100 3se
766 4049 905 4102 eruerunt
991 4067 1019 4102 se
1040 4049 1214 4104 excusabatl
1278 4049 1392 4104 darcia-

252 4135 352 4188 truml
407 4135 524 4188 betium
548 4133 630 4204 0lp;
648 4135 702 4189 iam
721 4137 780 4192 rell.
800 4154 815 4190 a
833 4137 932 4191 Domb.
989 4139 1129 4208 thiernps
1150 4139 1188 4192 ld
1258 4141 1290 4193 10
1309 4137 1392 4209 pestil.

250 4249 376 4317 ingeust
431 4250 463 4302 15
483 4252 505 4303 si
526 4251 666 4304 uoluntO
721 4253 752 4306 17
771 4213 906 4316 malificia
925 4253 951 4306 L
1024 4255 1062 4308 sic
1081 4271 1132 4309 cnr.
1155 4254 1186 4306 0¹
1241 4255 1276 4308 22
1295 4253 1393 4324 possint

254 4337 285 4388 0¹
342 4338 376 4392 23
395 4338 711 4408 namqueLAGepq,·
730 4340 800 4394 Nam
821 4343 1039 4410 quaevDourb.
1091 4345 1124 4396 27
1144 4345 1394 4397 commemoraretur
