3136 4928
271 449 334 512 528
619 445 645 498 S.
674 441 831 497 Aurelii
857 442 1073 514 Augustini

314 639 493 705 Secundum
522 640 589 704 hoo
612 644 696 723 ergo
716 638 864 702 dicuntur
891 638 946 702 illa
969 636 1137 720 simplicis,
1162 655 1242 718 quae
1266 634 1418 719 principa·

267 748 341 811 liter
364 765 501 830 uereque
527 747 633 810 diuina
657 749 742 822 suut,
767 746 851 828 quod
875 765 936 810 non
961 744 1047 809 aliud
1072 749 1121 809 est
1143 744 1174 808 iu
1199 742 1245 810 eis
1270 742 1418 825 qualitas,

269 852 356 917 aliud
389 853 579 932 substantia,
612 871 669 919 neo
702 853 836 917 aliorum
868 851 1110 935 participatione
1142 851 1195 915 uel
1226 849 1339 914 diuina
1369 849 1419 914 uel

269 960 425 1043 sapientia
457 960 510 1023 uel
543 959 637 1024 beata
669 961 753 1023 sunt.
797 957 945 1024 Ceterum
978 957 1090 1022 alietasv
1116 961 1165 1021 est
1191 957 1223 1020 in
1252 956 1418 1038 seripturis

270 1066 389 1131 sanctis
419 1066 556 1149 Spiritus
585 1065 758 1148 sapientiae
780 1065 958 1150 multiplex,
983 1083 1018 1130 eo
1048 1062 1132 1146 quod
1158 1064 1262 1128 multa
1288 1063 1321 1126 in
1352 1081 1419 1129 sese
1446 1087 1456 1123 s

269 1173 398 1248 hebeet;
428 1172 484 1237 sed
512 1191 593 1255 quae
621 1172 728 1250 babet,
752 1171 830 1236 haee
858 1174 891 1236 et
918 1175 978 1250 est,
1002 1173 1035 1235 et
1062 1190 1099 1235 ea
1126 1169 1231 1235 omnia
1253 1189 1339 1235 uuus
1364 1175 1419 1234 est.

270 1279 380 1362 Neque
405 1279 488 1343 enim
512 1279 642 1356 multae,
663 1278 717 1342 sed
741 1297 805 1343 une
827 1277 983 1361 sepientis
1002 1281 1061 1356 est,
1079 1277 1112 1341 in
1131 1296 1194 1358 que
1211 1280 1289 1341 suut
1305 1275 1419 1340 infiniti

271 1385 400 1468 quidem
425 1386 517 1468 eique
541 1385 622 1450 finiti
644 1384 809 1450 thensauri
832 1383 1232 1468 rerumintellegibilium,
1250 1383 1283 1446 iu
1304 1382 1419 1466 quibus

271 1495 345 1557 sunt
378 1511 486 1556 omnes
513 1492 691 1556 inuisibiles
716 1492 817 1574 adque
845 1471 1289 1564 iueommutabiles'rationes
1317 1507 1418 1552 rerum

270 1600 365 1663 etiarn
393 1599 572 1664 uisibilium
601 1603 633 1663 et
659 1597 873 1673 mutabilium,
898 1615 982 1678 quae.
1005 1615 1061 1679 per
1083 1596 1186 1679 ipsam
1209 1596 1313 1660 foetae
1338 1597 1457 1659 sunto

270 1701 426 1782 Quoniam
447 1705 533 1768 Deua
552 1723 613 1768 non
632 1703 753 1786 aliquid
772 1703 916 1768 nesciens
935 1703 1021 1779 feeit,
1040 1702 1125 1784 quod
1144 1719 1201 1764 nee
1221 1700 1259 1764 de
1280 1699 1421 1782 quolibet

270 1811 397 1874 homine
426 1810 545 1875 artifice
568 1814 654 1876 reete
678 1810 741 1874 diei
763 1807 884 1892 p'otsst3
909 1829 1000 1891 porro
1026 1808 1052 1873 si
1077 1807 1180 1872 soieus
1204 1806 1282 1871 feeit
1306 1806 1419 1880 omnia,

271 1935 309 1980 ea
331 1917 442 1999 utique
465 1917 542 1982 fecit
566 1936 646 2000 quae
669 1922 809 1982 nouerat.
833 1917 878 1980 Ex
902 1936 964 1998 quo
989 1914 1127 1980 occurrit
1146 1913 1250 1984 auimo
1271 1913 1420 1996 quiddam
1527 1969 1528 1990 ,

272 2023 398 2100 mirum,
432 2023 487 2088 sed
524 2027 629 2088 tamen
663 2043 784 2100 uerum,
819 2020 902 2105 quod
936 2021 997 2086 iste
1030 2021 1167 2085 mundus
1201 2021 1295 2086 uobis
1328 2023 1419 2084 notus

272 2148 426 2194 essenon
450 2133 570 2212 posset,
593 2130 654 2194 nisi
678 2132 778 2204 euseb
804 2129 870 2193 Deo
895 2132 1001 2192 autem
1025 2127 1085 2191 nisi
1109 2132 1205 2192 notus
1229 2129 1326 2204 esset,
1352 2143 1418 2234 esse
1435 2153 1457 2192 a

271 2256 332 2301 non
356 2240 475 2320 posset.

742 2357 879 2423 CAPUT
902 2357 947 2422 XI

272 2503 326 2565 Au
353 2501 440 2566 eius
465 2498 754 2576 beatitudinis,
775 2519 888 2581 quarn
913 2500 1047 2564 sancti
1071 2499 1203 2583 angeli
1229 2497 1274 2561 ab
1294 2497 1414 2561 initio
1473 2571 1478 2588 Ι

273 2607 337 2672 sui
367 2625 524 2688 semper
547 2605 786 2684 habueruut,
812 2605 933 2670 etiam
956 2605 1056 2670 illos
1081 2605 1268 2688 spiritus,
1293 2604 1415 2686 quiin

379 2711 561 2777 ueritate
585 2730 659 2776 nou
684 2715 902 2784 steterunt,
926 2710 1155 2794 participes
1178 2711 1312 2780 fuisse
1431 2740 1454 2778 eo

534 2810 537 2818 ’
683 2818 1012 2883 eredendumsit.

317 2957 404 3036 Quae
434 2978 507 3023 oum
531 2959 576 3022 ita
599 2959 673 3037 sint,
698 2959 785 3025 nullo
810 2960 903 3026 modo
928 2959 1061 3043 quidem
1081 2960 1254 3026 seeundum
1279 2961 1413 3042 spatium

271 3065 399 3148 aliquod
422 3066 576 3148 temporis
599 3067 687 3148 prius
712 3070 799 3131 eraut
821 3067 953 3148 spiritus
976 3067 1025 3130 illi
1049 3067 1207 3144 tenebrae,
1227 3086 1307 3150 quos
1328 3085 1415 3150 auge·

270 3173 319 3237 los
355 3172 503 3248 dicimus;
539 3172 594 3237 sed
627 3173 723 3236 simul
756 3177 793 3237 ut
824 3173 900 3238 secti
934 3175 1017 3251 sunt,
1045 3172 1100 3238 lux
1131 3173 1207 3237 fasti
1235 3181 1324 3248 suut3
1358 3192 1415 3238 non

270 3283 375 3343 tamen
404 3283 528 3343 tantum
555 3280 602 3343 ite
629 3279 736 3356 creati,
760 3283 797 3343 ut
826 3298 952 3362 quoquo
980 3279 1073 3344 modo
1099 3282 1206 3344 essent
1232 3283 1265 3364 et
1292 3298 1415 3362 quoquo
1433 3305 1455 3344 e

270 3383 365 3449 modo
394 3385 552 3461 uiuereut;
584 3386 640 3450 sed
668 3386 764 3451 etiam
791 3385 983 3464 inluminati,
1011 3390 1048 3450 ut
1076 3385 1236 3469 sapienter
1262 3386 1415 3468 beateque

270 3489 425 3556 uiuerent.
466 3491 515 3554 Ab
548 3491 607 3556 hae
639 3492 879 3557 inluminatione
913 3490 1016 3556 auersi
1049 3490 1177 3574 quidam
1214 3491 1319 3575 angeli
1357 3509 1413 3555 nou

270 3596 476 3662 obtinuerunt
494 3598 709 3663 excellentiam
731 3599 882 3682 sapientis
902 3598 1075 3680 beataeque
1093 3598 1188 3662 uitae.
1208 3617 1289 3680 quae
1307 3595 1413 3680 procul

360 3791 375 3841 5
397 3788 459 3858 Sap.
480 3789 505 3853 7,
524 3789 558 3842 22

306 3902 552 3956 2ineisestV¹
647 3902 1036 3972 bseeeVaelp;sel›to
1126 3897 1411 3973 eneeqnoceodd.

271 3992 286 4044 7
304 3991 402 4046 inliniri
417 3992 526 4062 quidam
542 3993 621 4061 eique
634 3992 706 4046 liniti
725 3993 773 4047 Vb
784 3993 858 4061 elp‚·
875 3993 983 4046 infinita
998 3991 1129 4062 quaedem
1144 3993 1223 4062 eique
1236 3993 1338 4047 infiniti
1352 4009 1370 4046 a
1381 3989 1413 4058 f,-

270 4081 377 4134 infinita
396 4098 420 4151 q.
441 4081 520 4150 eique
539 4075 610 4135 finiti
630 4087 654 4149 l,·
672 4083 797 4135 immensi
816 4079 926 4151 quidem
946 4085 1028 4150 atque
1047 4081 1176 4136 infinitio
1230 4081 1247 4136 8
1266 4083 1354 4136 thens.
1374 4080 1413 4134 l'l

269 4169 286 4222 9
305 4169 424 4225 rationes
443 4185 494 4224 om.
516 4169 545 4224 α’
637 4172 668 4224 11
690 4170 793 4240 aliquid
812 4187 866 4224 uon
886 4188 900 4224 e
990 4171 1024 4224 18
1042 4187 1148 4241 semper
1166 4171 1200 4224 ab
1218 4171 1299 4225 initio
1318 4171 1412 4238 hebp

270 4257 304 4310 20
323 4257 408 4311 fuisse
428 4275 478 4314 om.
492 4258 524 4326 p*
596 4261 630 4313 22
650 4259 759 4328 quidem
777 4259 892 4313 modos
965 4260 1029 4328 aliq.
1048 4265 1130 4328 temp.
1150 4263 1255 4328 spate
1322 4261 1355 4314 ‘23
1373 4257 1410 4310 illi

269 4346 415 4415 spirituso
469 4347 503 4399 25
523 4348 722 4400 itateutume·
