3072 4930
374 420 1006 492 ΒΜΜΜΜΜΜἏΗΜ.
1196 427 1262 492 m

106 615 197 694 litas,
236 617 328 682 cniras
364 618 532 683 maximam
565 618 783 685 diuersitatem
816 640 877 685 non
910 621 972 686 nisi
1009 621 1040 686 in
1073 621 1160 701 hora,
1198 641 1262 705 qua

106 721 248 804 quisque
272 724 422 802 nascitur,
455 730 585 808 ponunt.
631 727 678 792 Ae
701 747 756 811 per
779 728 838 792 hoc
868 727 895 793 si
924 731 989 792 tam
1014 728 1157 793 celeriter
1180 729 1260 794 alter

105 833 186 910 post
210 831 345 894 altemm
369 832 520 911 nascitur,
544 837 581 897 nt
604 833 714 898 eadem
732 853 805 919 pars
825 834 993 917 horoscopi
1017 840 1151 914 maneat,
1172 836 1260 918 paria

108 940 227 1002 cuncta
255 957 381 1020 quaero,
416 959 495 1022 queo
528 940 559 1004 in
588 941 685 1006 nullis
713 944 850 1024 possunt
877 941 1014 1026 geminis
1043 941 1190 1018 inueniri;
1230 943 1258 1008 si

70 1065 86 1104 e
106 1047 217 1109 antem
242 1045 405 1126 sequentis
423 1047 556 1112 tarditas
576 1047 788 1130 horoscopum
808 1051 921 1127 mutat,
944 1051 1091 1130 parentes
1111 1047 1256 1115 diuersos

105 1169 235 1232 quaero,
259 1171 339 1236 quos
364 1153 482 1238 gemini
506 1154 620 1218 habere
644 1173 705 1220 non
729 1158 874 1238 possunt.

573 1345 710 1414 CAPUT
732 1349 789 1414 ΠΙ.

104 1484 160 1551 De
180 1493 433 1572 argumento,
453 1489 556 1572 quod
576 1509 619 1554 err
638 1493 726 1556 rota
745 1490 873 1575 siguli
892 1490 1086 1575 Nigidius
1106 1488 1254 1554 mathe-

170 1595 350 1660 maticus
374 1597 579 1662 adsumsit
601 1597 639 1661 in
664 1597 908 1680 quaestione
933 1597 1193 1682 geminorum.

60 1759 87 1798 ro
148 1735 281 1801 lhnstra
308 1737 416 1820 itaque
444 1739 584 1804 adfertur
610 1739 714 1805 nobile
742 1739 822 1805 illud
851 1742 1065 1806 commentum
1094 1738 1131 1803 de
1160 1738 1253 1822 figuli

104 1843 182 1921 rota,
214 1843 298 1926 qnod
326 1845 526 1928 respondisse
553 1845 660 1912 ferunt
690 1846 855 1931 Nigidium
883 1847 943 1910 hac
972 1845 1155 1929 quaestione
1185 1849 1251 1910 tnr-

103 1948 225 2026 batum,
258 1951 343 2015 unde
373 1953 406 2016 et
427 1952 563 2036 Figulus
597 1954 774 2036 appellatus
809 1957 868 2020 est.
914 1954 998 2017 Dum
1033 1953 1117 2022 enim
1148 1955 1250 2018 rotam

102 2054 251 2140 figulini
275 2061 392 2140 quanta
423 2059 529 2144 potuit
559 2059 750 2138 intorsisset,
785 2062 928 2126 currente
955 2060 1011 2124 illa
1039 2060 1089 2124 bis
1119 2079 1249 2124 numero

102 2161 140 2224 de
163 2165 339 2228 atramento
367 2168 529 2247 tamqnam
556 2185 620 2230 uno
650 2167 718 2232 eins
745 2169 816 2232 looo
845 2187 969 2232 summa
997 2167 1158 2232 celeritate
1181 2187 1248 2249 per·

59 2287 84 2329 re
102 2268 217 2347 cussie
259 2270 369 2336 deinde
402 2272 533 2336 inuenta
564 2276 640 2337 sunt
671 2273 771 2357 signa,
809 2293 888 2355 quae
918 2273 1036 2350 fixerat,
1074 2272 1248 2338 desistente

99 2378 200 2454 motu,
224 2396 286 2442 non
306 2396 404 2461 parno
422 2379 589 2444 interuallo
610 2379 641 2444 in
660 2383 747 2444 rotae
765 2379 853 2444 illius
870 2381 1065 2446 extremitate
1086 2379 1246 2446 distantia.

99 2482 171 2562 ‘Sic
188 2483 305 2566 inquit,
322 2483 353 2548 in
372 2488 459 2550 tanta
477 2485 649 2570 rapacitate
669 2487 758 2563 caeli,
778 2487 905 2552 etiamsi
924 2487 1003 2552 alter
1019 2490 1094 2570 post
1112 2486 1246 2552 alterum

97 2593 185 2656 tanta
208 2593 372 2657 celeritate
395 2596 554 2671 nascatur,
588 2597 704 2676 quanta
728 2597 829 2658 rotam
860 2593 910 2658 bis
934 2594 1002 2678 ipse
1026 2593 1179 2676 percussi,
1213 2593 1244 2657 in

98 2698 174 2762 caeli
190 2699 297 2780 spatio
315 2700 489 2781 plurimum
509 2703 571 2765 est:
589 2699 662 2764 hino
678 2703 762 2776 sunt,
782 2699 895 2782 inquit,
916 2719 1133 2783 quaecumque
1153 2699 1246 2764 dissi-

58 2821 82 2863 ιο
98 2805 232 2870 millima
255 2805 461 2888 perhibentur
482 2807 514 2871 in
537 2807 680 2872 moribus
704 2807 894 2890 casibusque
918 2807 1139 2890 geminorum?
1174 2807 1244 2872 Hoc

97 2909 285 2995 figmentum
314 2910 458 2996 fragilius
492 2916 542 2978 est
570 2933 665 2996 quam
692 2933 780 2995 uasa,
814 2931 894 2996 quac
921 2913 977 2978 illa
1004 2913 1159 2978 rotatione
1188 2912 1244 2976 fin-

98 3021 225 3100 guntur.
249 3019 332 3082 Nam
355 3019 384 3083 si
401 3023 466 3084 tam
486 3021 625 3085 multum
644 3019 676 3084 in
696 3021 783 3086 caclo
805 3021 949 3098 interest,
973 3020 1057 3104 quod
1076 3018 1244 3084 constella-

97 3125 237 3190 tionibus
266 3125 477 3208 conprehendi
504 3146 565 3193 uon
592 3131 709 3212 potest,
742 3130 779 3193 nt
811 3127 902 3192 altori
935 3127 1132 3212 geminomm
1155 3127 1240 3192 here-

97 3230 177 3297 ditas
201 3232 363 3308 obueniat,
386 3233 477 3299 alteri
501 3253 562 3299 non
586 3233 748 3300 obueniat:
786 3254 867 3317 quur
894 3235 1011 3300 audent
1038 3233 1163 3312 ceteris,
1188 3234 1242 3316 qui

57 3353 80 3391 ²5
97 3337 212 3420 gemini
237 3357 299 3403 non
323 3343 408 3420 suut,
432 3359 505 3406 cnm
529 3341 721 3423 inspexerint
743 3360 852 3406 eorum
876 3341 1145 3418 constellationes,
1165 3341 1242 3406 talia

95 3446 306 3526 pronuntiare,
339 3466 420 3528 quae
453 3447 492 3512 ad
524 3445 605 3512 illud
637 3453 794 3514 secretum
826 3449 994 3531 pertinent,
1032 3447 1117 3530 quod
1148 3466 1240 3514 nemo

95 3554 199 3633 potest
223 3553 476 3634 conprehendere
506 3557 539 3620 et
564 3555 734 3620 momentis
765 3555 912 3620 adnotare
940 3554 1158 3620 nascentium?
1205 3555 1240 3620 Si

95 3661 197 3724 autem
222 3663 388 3742 propterea
409 3660 483 3725 talia
509 3660 619 3726 dicunt
641 3661 673 3726 in
697 3662 830 3727 aliorum
860 3661 1025 3746 genituris,
1060 3662 1134 3744 quia
1161 3661 1238 3726 baec

95 3763 128 3828 ad
151 3764 356 3847 productiora
379 3767 482 3848 spatia
504 3769 682 3850 temporum
705 3767 878 3852 pertinent;
903 3769 1064 3832 momenta
1087 3787 1161 3834 uero
1181 3767 1237 3832 illa

58 3872 232 3951 apartium
249 3872 453 3952 minutarum,
479 3892 560 3956 quae
586 3873 668 3938 inter
687 3893 720 3938 se
740 3873 859 3958 gemini
886 3877 1023 3957 possunt
1045 3873 1160 3940 habere
1184 3893 1238 3938 na-

125 4070 1235 4144 NJmM¹mmeQmM3memm

93 4161 1236 4232 mmwmdmmmfflmffllmmmwmw

92 4245 268 4317 mfflmpo
352 4247 1237 4323 fflmfflMLhQnmffimqmffimmffimmU

92 4335 826 4410 &MmmmmffldmmO
