<?xml version="1.0" encoding="UTF-8"?>
<!DOCTYPE html PUBLIC "-//W3C//DTD XHTML 1.0 Transitional//EN"
    "http://www.w3.org/TR/xhtml1/DTD/xhtml1-transitional.dtd">
<html xmlns="http://www.w3.org/1999/xhtml" xml:lang="en" lang="en">
 <head>
  <title>
</title>
<meta http-equiv="Content-Type" content="text/html;charset=utf-8" />
  <meta name='ocr-system' content='tesseract 3.04.00' />
  <meta name='ocr-capabilities' content='ocr_page ocr_carea ocr_par ocr_line ocrx_word'/>
</head>
<body>
  <div class='ocr_page' id='page_1' title='image "./corpusscriptoru20wiengoog_0493.png"; bbox 0 0 3136 4934; ppageno 0'>
   <div class='ocr_carea' id='block_1_1' title="bbox 291 417 1094 487">
    <p class='ocr_par' dir='ltr' id='par_1_1' title="bbox 291 417 1094 487">
     <span class='ocr_line' id='line_1_1' title="bbox 291 417 1094 487; baseline -0.012 -7"><span class='ocrx_word' id='word_1_1' title='bbox 291 425 355 487; x_wconf 82' lang='grc'>462</span> <span class='ocrx_word' id='word_1_2' title='bbox 635 419 662 474; x_wconf 87' lang='lat' dir='ltr'>S.</span> <span class='ocrx_word' id='word_1_3' title='bbox 691 419 848 474; x_wconf 82' lang='lat' dir='ltr'>Aurelii</span> <span class='ocrx_word' id='word_1_4' title='bbox 875 417 1094 487; x_wconf 76' lang='lat' dir='ltr'>Augustini</span> 
     </span>
    </p>
   </div>
   <div class='ocr_carea' id='block_1_2' title="bbox 289 611 1548 1320">
    <p class='ocr_par' dir='ltr' id='par_1_2' title="bbox 289 591 1548 1320">
     <span class='ocr_line' id='line_1_2' title="bbox 290 611 1437 700; baseline -0.002 -20"><span class='ocrx_word' id='word_1_5' title='bbox 290 617 373 700; x_wconf 77' lang='lat' dir='ltr'>argo</span> <span class='ocrx_word' id='word_1_6' title='bbox 399 618 429 680; x_wconf 77' lang='lat' dir='ltr'>et</span> <span class='ocrx_word' id='word_1_7' title='bbox 452 615 569 700; x_wconf 77' lang='lat' dir='ltr'>ligauit</span> <span class='ocrx_word' id='word_1_8' title='bbox 590 615 654 694; x_wconf 76' lang='lat' dir='ltr'>rue,</span> <span class='ocrx_word' id='word_1_9' title='bbox 687 615 801 698; x_wconf 81' lang='lat' dir='ltr'>inquit,</span> <span class='ocrx_word' id='word_1_10' title='bbox 835 619 867 679; x_wconf 76' lang='lat' dir='ltr'>et</span> <span class='ocrx_word' id='word_1_11' title='bbox 894 615 956 680; x_wconf 72' lang='lat' dir='ltr'>rste</span> <span class='ocrx_word' id='word_1_12' title='bbox 986 633 1048 679; x_wconf 79' lang='lat' dir='ltr'>non</span> <span class='ocrx_word' id='word_1_13' title='bbox 1072 613 1193 679; x_wconf 59' lang='lat' dir='ltr'>sonu)</span> <span class='ocrx_word' id='word_1_14' title='bbox 1229 611 1437 692; x_wconf 71' lang='lat' dir='ltr'>Quorsum</span> 
     </span>
     <span class='ocr_line' id='line_1_3' title="bbox 290 720 1437 808; baseline -0.004 -21"><span class='ocrx_word' id='word_1_15' title='bbox 290 723 369 787; x_wconf 88' lang='lat' dir='ltr'>dirit</span> <span class='ocrx_word' id='word_1_16' title='bbox 393 740 540 808; x_wconf 86' lang='lat' dir='ltr'>apparere</span> <span class='ocrx_word' id='word_1_17' title='bbox 564 721 730 806; x_wconf 90' lang='lat' dir='ltr'>theurgian</span> <span class='ocrx_word' id='word_1_18' title='bbox 756 741 825 786; x_wconf 90' lang='lat' dir='ltr'>esse</span> <span class='ocrx_word' id='word_1_19' title='bbox 849 726 912 786; x_wconf 88' lang='lat' dir='ltr'>tam</span> <span class='ocrx_word' id='word_1_20' title='bbox 938 721 1011 786; x_wconf 93' lang='lat' dir='ltr'>houi</span> <span class='ocrx_word' id='word_1_21' title='bbox 1035 720 1221 786; x_wconf 88' lang='lat' dir='ltr'>conficiendi</span> <span class='ocrx_word' id='word_1_22' title='bbox 1244 740 1342 804; x_wconf 87' lang='lat' dir='ltr'>quam</span> <span class='ocrx_word' id='word_1_23' title='bbox 1364 720 1437 784; x_wconf 88' lang='lat' dir='ltr'>maii</span> 
     </span>
     <span class='ocr_line' id='line_1_4' title="bbox 290 826 1437 913; baseline -0.005 -18"><span class='ocrx_word' id='word_1_24' title='bbox 290 834 322 895; x_wconf 93' lang='lat' dir='ltr'>et</span> <span class='ocrx_word' id='word_1_25' title='bbox 345 834 423 913; x_wconf 89' lang='lat' dir='ltr'>aput</span> <span class='ocrx_word' id='word_1_26' title='bbox 450 829 525 894; x_wconf 89' lang='lat' dir='ltr'>deos</span> <span class='ocrx_word' id='word_1_27' title='bbox 554 832 586 894; x_wconf 92' lang='lat' dir='ltr'>et</span> <span class='ocrx_word' id='word_1_28' title='bbox 614 832 692 912; x_wconf 88' lang='lat' dir='ltr'>aput</span> <span class='ocrx_word' id='word_1_29' title='bbox 719 829 864 894; x_wconf 87' lang='lat' dir='ltr'>homines</span> <span class='ocrx_word' id='word_1_30' title='bbox 896 827 1111 912; x_wconf 65' lang='lat' dir='ltr'>disciplinam</span> <span class='ocrx_word' id='word_1_31' title='bbox 1149 828 1216 911; x_wconf 89' lang='lat' dir='ltr'>pati</span> <span class='ocrx_word' id='word_1_32' title='bbox 1241 829 1338 892; x_wconf 88' lang='lat' dir='ltr'>etiem</span> <span class='ocrx_word' id='word_1_33' title='bbox 1364 826 1437 890; x_wconf 88' lang='lat' dir='ltr'>deos</span> 
     </span>
     <span class='ocr_line' id='line_1_5' title="bbox 290 919 1548 1020; baseline -0.002 -20"><span class='ocrx_word' id='word_1_34' title='bbox 290 941 324 1000; x_wconf 87' lang='lat' dir='ltr'>et</span> <span class='ocrx_word' id='word_1_35' title='bbox 346 937 385 1000; x_wconf 92' lang='lat' dir='ltr'>ad</span> <span class='ocrx_word' id='word_1_36' title='bbox 408 937 479 1000; x_wconf 88' lang='lat' dir='ltr'>illas</span> <span class='ocrx_word' id='word_1_37' title='bbox 502 936 757 1020; x_wconf 83' lang='lat' dir='ltr'>perturbationes</span> <span class='ocrx_word' id='word_1_38' title='bbox 787 935 1012 1018; x_wconf 82' lang='lat' dir='ltr'>passionesque</span> <span class='ocrx_word' id='word_1_39' title='bbox 1037 935 1161 1010; x_wconf 78' lang='lat' dir='ltr'>deduci,</span> <span class='ocrx_word' id='word_1_40' title='bbox 1195 954 1273 1017; x_wconf 89' lang='lat' dir='ltr'>ques</span> <span class='ocrx_word' id='word_1_41' title='bbox 1299 953 1438 998; x_wconf 88' lang='lat' dir='ltr'>commu·</span> <span class='ocrx_word' id='word_1_42' title='bbox 1547 919 1548 998; x_wconf 75' lang='lat' dir='ltr'>i</span> 
     </span>
     <span class='ocr_line' id='line_1_6' title="bbox 289 1035 1548 1125; baseline -0.005 -18"><span class='ocrx_word' id='word_1_43' title='bbox 289 1043 372 1107; x_wconf 89' lang='lat' dir='ltr'>niter</span> <span class='ocrx_word' id='word_1_44' title='bbox 395 1043 599 1108; x_wconf 89' lang='lat' dir='ltr'>daemonibus</span> <span class='ocrx_word' id='word_1_45' title='bbox 619 1044 651 1106; x_wconf 91' lang='lat' dir='ltr'>et</span> <span class='ocrx_word' id='word_1_46' title='bbox 668 1041 852 1106; x_wconf 90' lang='lat' dir='ltr'>hominihus</span> <span class='ocrx_word' id='word_1_47' title='bbox 869 1040 1023 1125; x_wconf 83' lang='lat' dir='ltr'>Apuleius</span> <span class='ocrx_word' id='word_1_48' title='bbox 1043 1041 1211 1114; x_wconf 82' lang='lat' dir='ltr'>adtribuit;</span> <span class='ocrx_word' id='word_1_49' title='bbox 1237 1039 1313 1104; x_wconf 91' lang='lat' dir='ltr'>deos</span> <span class='ocrx_word' id='word_1_50' title='bbox 1334 1043 1436 1104; x_wconf 88' lang='lat' dir='ltr'>tamon</span> <span class='ocrx_word' id='word_1_51' title='bbox 1461 1063 1472 1101; x_wconf 81' lang='lat' dir='ltr'>s</span> <span class='ocrx_word' id='word_1_52' title='bbox 1547 1035 1548 1114; x_wconf 63' lang='lat' dir='ltr'>i</span> 
     </span>
     <span class='ocr_line' id='line_1_7' title="bbox 289 1137 1548 1230; baseline -0.004 -17"><span class='ocrx_word' id='word_1_53' title='bbox 289 1150 328 1214; x_wconf 87' lang='lat' dir='ltr'>ab</span> <span class='ocrx_word' id='word_1_54' title='bbox 354 1151 399 1214; x_wconf 88' lang='lat' dir='ltr'>eis</span> <span class='ocrx_word' id='word_1_55' title='bbox 423 1149 578 1214; x_wconf 89' lang='lat' dir='ltr'>aetheriae</span> <span class='ocrx_word' id='word_1_56' title='bbox 603 1148 687 1212; x_wconf 88' lang='lat' dir='ltr'>sedis</span> <span class='ocrx_word' id='word_1_57' title='bbox 711 1148 879 1212; x_wconf 75' lang='lat' dir='ltr'>altitudine</span> <span class='ocrx_word' id='word_1_58' title='bbox 903 1166 1052 1230; x_wconf 87' lang='lat' dir='ltr'>separans</span> <span class='ocrx_word' id='word_1_59' title='bbox 1072 1151 1104 1212; x_wconf 90' lang='lat' dir='ltr'>et</span> <span class='ocrx_word' id='word_1_60' title='bbox 1121 1147 1265 1212; x_wconf 86' lang='lat' dir='ltr'>Platonis</span> <span class='ocrx_word' id='word_1_61' title='bbox 1290 1146 1436 1211; x_wconf 81' lang='lat' dir='ltr'>adserens</span> <span class='ocrx_word' id='word_1_62' title='bbox 1547 1137 1548 1226; x_wconf 55' lang='lat' dir='ltr'>i</span> 
     </span>
     <span class='ocr_line' id='line_1_8' title="bbox 289 1237 1548 1320; baseline -0.003 -1"><span class='ocrx_word' id='word_1_63' title='bbox 289 1257 320 1319; x_wconf 91' lang='lat' dir='ltr'>in</span> <span class='ocrx_word' id='word_1_64' title='bbox 345 1257 400 1320; x_wconf 92' lang='lat' dir='ltr'>illa</span> <span class='ocrx_word' id='word_1_65' title='bbox 424 1254 612 1320; x_wconf 77' lang='lat' dir='ltr'>discretione</span> <span class='ocrx_word' id='word_1_66' title='bbox 636 1255 834 1318; x_wconf 87' lang='lat' dir='ltr'>sententiam.</span> <span class='ocrx_word' id='word_1_67' title='bbox 1547 1237 1548 1270; x_wconf 69' lang='lat' dir='ltr'>r</span> 
     </span>
    </p>
   </div>
   <div class='ocr_carea' id='block_1_3' title="bbox 766 1446 963 1512">
    <p class='ocr_par' dir='ltr' id='par_1_3' title="bbox 766 1446 963 1512">
     <span class='ocr_line' id='line_1_9' title="bbox 766 1446 963 1512; baseline 0 0"><span class='ocrx_word' id='word_1_68' title='bbox 766 1446 903 1512; x_wconf 82' lang='lat' dir='ltr'><strong>CAPUT</strong></span> <span class='ocrx_word' id='word_1_69' title='bbox 925 1447 963 1512; x_wconf 92' lang='lat' dir='ltr'>X.</span> 
     </span>
    </p>
   </div>
   <div class='ocr_carea' id='block_1_4' title="bbox 289 1589 1548 1779">
    <p class='ocr_par' dir='ltr' id='par_1_4' title="bbox 289 1589 1548 1779">
     <span class='ocr_line' id='line_1_10' title="bbox 289 1589 1548 1682; baseline -0.002 -28"><span class='ocrx_word' id='word_1_70' title='bbox 289 1590 343 1654; x_wconf 90' lang='lat' dir='ltr'>De</span> <span class='ocrx_word' id='word_1_71' title='bbox 385 1590 588 1673; x_wconf 88' lang='lat' dir='ltr'>theurgia,</span> <span class='ocrx_word' id='word_1_72' title='bbox 627 1607 726 1670; x_wconf 88' lang='lat' dir='ltr'>quae</span> <span class='ocrx_word' id='word_1_73' title='bbox 769 1589 916 1652; x_wconf 78' lang='lat' dir='ltr'>falsam</span> <span class='ocrx_word' id='word_1_74' title='bbox 957 1589 1245 1674; x_wconf 79' lang='lat' dir='ltr'>purgationem</span> <span class='ocrx_word' id='word_1_75' title='bbox 1288 1589 1434 1652; x_wconf 89' lang='lat' dir='ltr'>animis</span> <span class='ocrx_word' id='word_1_76' title='bbox 1547 1673 1548 1682; x_wconf 8' lang='grc' dir='ltr'>ἵ</span> 
     </span>
     <span class='ocr_line' id='line_1_11' title="bbox 478 1695 1246 1779; baseline 0.003 -20"><span class='ocrx_word' id='word_1_77' title='bbox 478 1696 714 1759; x_wconf 89' lang='lat' dir='ltr'>daemonum</span> <span class='ocrx_word' id='word_1_78' title='bbox 737 1695 1003 1761; x_wconf 88' lang='lat' dir='ltr'>inuocatione</span> <span class='ocrx_word' id='word_1_79' title='bbox 1026 1696 1246 1779; x_wconf 84' lang='lat' dir='ltr'>promittit</span> 
     </span>
    </p>
   </div>
   <div class='ocr_carea' id='block_1_5' title="bbox 287 1805 1548 3521">
    <p class='ocr_par' dir='ltr' id='par_1_5' title="bbox 287 1805 1548 3521">
     <span class='ocr_line' id='line_1_12' title="bbox 334 1805 1548 1919; baseline -0.002 -16"><span class='ocrx_word' id='word_1_80' title='bbox 334 1840 415 1903; x_wconf 80' lang='lat' dir='ltr'>Ecce</span> <span class='ocrx_word' id='word_1_81' title='bbox 439 1855 521 1902; x_wconf 90' lang='lat' dir='ltr'>nuuc</span> <span class='ocrx_word' id='word_1_82' title='bbox 546 1837 627 1902; x_wconf 88' lang='lat' dir='ltr'>alius</span> <span class='ocrx_word' id='word_1_83' title='bbox 651 1838 849 1917; x_wconf 84' lang='lat' dir='ltr'>Platonicus,</span> <span class='ocrx_word' id='word_1_84' title='bbox 883 1857 976 1919; x_wconf 90' lang='lat' dir='ltr'>quem</span> <span class='ocrx_word' id='word_1_85' title='bbox 1012 1838 1184 1903; x_wconf 82' lang='lat' dir='ltr'>doctiorem</span> <span class='ocrx_word' id='word_1_86' title='bbox 1216 1839 1333 1914; x_wconf 84' lang='lat' dir='ltr'>ferunt,</span> <span class='ocrx_word' id='word_1_87' title='bbox 1363 1837 1433 1902; x_wconf 91' lang='lat' dir='ltr'>Por·</span> <span class='ocrx_word' id='word_1_88' title='bbox 1547 1805 1548 1850; x_wconf 54' lang='lat'>³</span> 
     </span>
     <span class='ocr_line' id='line_1_13' title="bbox 288 1944 1431 2028; baseline -0.001 -20"><span class='ocrx_word' id='word_1_89' title='bbox 288 1945 431 2028; x_wconf 77' lang='lat' dir='ltr'>phyrius,</span> <span class='ocrx_word' id='word_1_90' title='bbox 456 1965 512 2028; x_wconf 90' lang='lat' dir='ltr'>per</span> <span class='ocrx_word' id='word_1_91' title='bbox 534 1945 640 2009; x_wconf 89' lang='lat' dir='ltr'>nescio</span> <span class='ocrx_word' id='word_1_92' title='bbox 666 1964 759 2027; x_wconf 89' lang='lat' dir='ltr'>quam</span> <span class='ocrx_word' id='word_1_93' title='bbox 784 1944 984 2028; x_wconf 80' lang='lat' dir='ltr'>theurgicam</span> <span class='ocrx_word' id='word_1_94' title='bbox 1009 1945 1208 2027; x_wconf 86' lang='lat' dir='ltr'>disciplinam</span> <span class='ocrx_word' id='word_1_95' title='bbox 1234 1945 1330 2009; x_wconf 86' lang='lat' dir='ltr'>otiam</span> <span class='ocrx_word' id='word_1_96' title='bbox 1349 1945 1431 2028; x_wconf 89' lang='lat' dir='ltr'>ipsos</span> 
     </span>
     <span class='ocr_line' id='line_1_14' title="bbox 289 2051 1429 2134; baseline -0.001 -19"><span class='ocrx_word' id='word_1_97' title='bbox 289 2053 365 2118; x_wconf 86' lang='lat' dir='ltr'>deca</span> <span class='ocrx_word' id='word_1_98' title='bbox 391 2051 562 2118; x_wconf 89' lang='lat' dir='ltr'>obstrictos</span> <span class='ocrx_word' id='word_1_99' title='bbox 585 2051 788 2133; x_wconf 85' lang='lat' dir='ltr'>passionibus</span> <span class='ocrx_word' id='word_1_100' title='bbox 813 2055 844 2115; x_wconf 92' lang='lat' dir='ltr'>et</span> <span class='ocrx_word' id='word_1_101' title='bbox 868 2051 1157 2134; x_wconf 81' lang='lat' dir='ltr'>perturbationibus</span> <span class='ocrx_word' id='word_1_102' title='bbox 1178 2051 1265 2130; x_wconf 84' lang='lat' dir='ltr'>dicit,</span> <span class='ocrx_word' id='word_1_103' title='bbox 1286 2053 1429 2134; x_wconf 90' lang='lat' dir='ltr'>quoniam</span> 
     </span>
     <span class='ocr_line' id='line_1_15' title="bbox 289 2157 1431 2241; baseline -0.003 -19"><span class='ocrx_word' id='word_1_104' title='bbox 289 2159 387 2223; x_wconf 88' lang='lat' dir='ltr'>sacris</span> <span class='ocrx_word' id='word_1_105' title='bbox 413 2158 560 2240; x_wconf 88' lang='lat' dir='ltr'>precibus</span> <span class='ocrx_word' id='word_1_106' title='bbox 590 2157 727 2222; x_wconf 90' lang='lat' dir='ltr'>adiurari</span> <span class='ocrx_word' id='word_1_107' title='bbox 755 2158 927 2241; x_wconf 90' lang='lat' dir='ltr'>terrerique</span> <span class='ocrx_word' id='word_1_108' title='bbox 955 2161 1137 2240; x_wconf 80' lang='lat' dir='ltr'>potueruut,</span> <span class='ocrx_word' id='word_1_109' title='bbox 1170 2176 1208 2222; x_wconf 93' lang='lat' dir='ltr'>ne</span> <span class='ocrx_word' id='word_1_110' title='bbox 1241 2159 1431 2241; x_wconf 81' lang='lat' dir='ltr'>praestarent</span> 
     </span>
     <span class='ocr_line' id='line_1_16' title="bbox 289 2264 1468 2348; baseline -0.002 -19"><span class='ocrx_word' id='word_1_111' title='bbox 289 2265 410 2330; x_wconf 88' lang='lat' dir='ltr'>auimae</span> <span class='ocrx_word' id='word_1_112' title='bbox 430 2265 660 2348; x_wconf 86' lang='lat' dir='ltr'>purgationem,</span> <span class='ocrx_word' id='word_1_113' title='bbox 681 2266 713 2328; x_wconf 90' lang='lat' dir='ltr'>et</span> <span class='ocrx_word' id='word_1_114' title='bbox 731 2265 776 2329; x_wconf 86' lang='lat' dir='ltr'>ita</span> <span class='ocrx_word' id='word_1_115' title='bbox 795 2265 903 2328; x_wconf 86' lang='lat' dir='ltr'>terreri</span> <span class='ocrx_word' id='word_1_116' title='bbox 923 2266 960 2329; x_wconf 92' lang='lat' dir='ltr'>ab</span> <span class='ocrx_word' id='word_1_117' title='bbox 982 2284 1028 2342; x_wconf 84' lang='lat' dir='ltr'>eo,</span> <span class='ocrx_word' id='word_1_118' title='bbox 1045 2265 1099 2348; x_wconf 95' lang='lat' dir='ltr'>qui</span> <span class='ocrx_word' id='word_1_119' title='bbox 1113 2265 1289 2347; x_wconf 87' lang='lat' dir='ltr'>imperabat</span> <span class='ocrx_word' id='word_1_120' title='bbox 1303 2264 1429 2340; x_wconf 81' lang='lat' dir='ltr'>malum,</span> <span class='ocrx_word' id='word_1_121' title='bbox 1447 2287 1468 2327; x_wconf 81' lang='lat' dir='ltr'>u</span> 
     </span>
     <span class='ocr_line' id='line_1_17' title="bbox 288 2347 1548 2455; baseline -0.002 -20"><span class='ocrx_word' id='word_1_122' title='bbox 288 2375 325 2435; x_wconf 89' lang='lat' dir='ltr'>ut</span> <span class='ocrx_word' id='word_1_123' title='bbox 348 2372 386 2435; x_wconf 92' lang='lat' dir='ltr'>ab</span> <span class='ocrx_word' id='word_1_124' title='bbox 411 2371 484 2448; x_wconf 85' lang='lat' dir='ltr'>alio,</span> <span class='ocrx_word' id='word_1_125' title='bbox 504 2371 557 2454; x_wconf 92' lang='lat' dir='ltr'>qui</span> <span class='ocrx_word' id='word_1_126' title='bbox 577 2372 729 2452; x_wconf 88' lang='lat' dir='ltr'>poscebat</span> <span class='ocrx_word' id='word_1_127' title='bbox 748 2372 875 2450; x_wconf 83' lang='lat' dir='ltr'>bonum,</span> <span class='ocrx_word' id='word_1_128' title='bbox 894 2391 949 2455; x_wconf 89' lang='lat' dir='ltr'>por</span> <span class='ocrx_word' id='word_1_129' title='bbox 969 2372 1099 2436; x_wconf 91' lang='lat' dir='ltr'>eandem</span> <span class='ocrx_word' id='word_1_130' title='bbox 1119 2375 1218 2436; x_wconf 86' lang='lat' dir='ltr'>artem</span> <span class='ocrx_word' id='word_1_131' title='bbox 1236 2371 1429 2455; x_wconf 83' lang='lat' dir='ltr'>theurgicam</span> <span class='ocrx_word' id='word_1_132' title='bbox 1547 2347 1548 2370; x_wconf 47' lang='lat'>¹</span> 
     </span>
     <span class='ocr_line' id='line_1_18' title="bbox 288 2476 1428 2561; baseline 0.001 -20"><span class='ocrx_word' id='word_1_133' title='bbox 288 2477 372 2542; x_wconf 91' lang='lat' dir='ltr'>solui</span> <span class='ocrx_word' id='word_1_134' title='bbox 390 2478 445 2542; x_wconf 89' lang='lat' dir='ltr'>iilo</span> <span class='ocrx_word' id='word_1_135' title='bbox 465 2477 579 2542; x_wconf 91' lang='lat' dir='ltr'>timore</span> <span class='ocrx_word' id='word_1_136' title='bbox 598 2497 659 2542; x_wconf 89' lang='lat' dir='ltr'>non</span> <span class='ocrx_word' id='word_1_137' title='bbox 678 2483 810 2561; x_wconf 88' lang='lat' dir='ltr'>possent</span> <span class='ocrx_word' id='word_1_138' title='bbox 829 2481 861 2542; x_wconf 91' lang='lat' dir='ltr'>et</span> <span class='ocrx_word' id='word_1_139' title='bbox 880 2478 919 2542; x_wconf 92' lang='lat' dir='ltr'>ad</span> <span class='ocrx_word' id='word_1_140' title='bbox 938 2476 1076 2543; x_wconf 90' lang='lat' dir='ltr'>dandum</span> <span class='ocrx_word' id='word_1_141' title='bbox 1093 2478 1282 2543; x_wconf 88' lang='lat' dir='ltr'>heneficium</span> <span class='ocrx_word' id='word_1_142' title='bbox 1297 2478 1428 2542; x_wconf 86' lang='lat' dir='ltr'>liberari.</span> 
     </span>
     <span class='ocr_line' id='line_1_19' title="bbox 288 2583 1428 2664; baseline 0 -16"><span class='ocrx_word' id='word_1_143' title='bbox 288 2583 367 2664; x_wconf 79' lang='lat' dir='ltr'>Quis</span> <span class='ocrx_word' id='word_1_144' title='bbox 392 2603 452 2649; x_wconf 92' lang='lat' dir='ltr'>non</span> <span class='ocrx_word' id='word_1_145' title='bbox 476 2585 585 2649; x_wconf 86' lang='lat' dir='ltr'>uideat</span> <span class='ocrx_word' id='word_1_146' title='bbox 606 2585 684 2650; x_wconf 89' lang='lat' dir='ltr'>haec</span> <span class='ocrx_word' id='word_1_147' title='bbox 709 2585 812 2650; x_wconf 90' lang='lat' dir='ltr'>omnia</span> <span class='ocrx_word' id='word_1_148' title='bbox 834 2583 996 2650; x_wconf 75' lang='lat' dir='ltr'>fallacium</span> <span class='ocrx_word' id='word_1_149' title='bbox 1026 2585 1213 2649; x_wconf 87' lang='lat' dir='ltr'>daemonum</span> <span class='ocrx_word' id='word_1_150' title='bbox 1247 2604 1317 2650; x_wconf 90' lang='lat' dir='ltr'>esse</span> <span class='ocrx_word' id='word_1_151' title='bbox 1351 2603 1428 2650; x_wconf 88' lang='lat' dir='ltr'>com·</span> 
     </span>
     <span class='ocr_line' id='line_1_20' title="bbox 288 2691 1428 2775; baseline -0.002 -19"><span class='ocrx_word' id='word_1_152' title='bbox 288 2694 404 2768; x_wconf 79' lang='lat' dir='ltr'>menta,</span> <span class='ocrx_word' id='word_1_153' title='bbox 428 2692 489 2756; x_wconf 92' lang='lat' dir='ltr'>nisi</span> <span class='ocrx_word' id='word_1_154' title='bbox 514 2711 622 2756; x_wconf 91' lang='lat' dir='ltr'>eorum</span> <span class='ocrx_word' id='word_1_155' title='bbox 647 2692 843 2756; x_wconf 88' lang='lat' dir='ltr'>miserrimus</span> <span class='ocrx_word' id='word_1_156' title='bbox 869 2711 980 2756; x_wconf 86' lang='lat' dir='ltr'>seruus</span> <span class='ocrx_word' id='word_1_157' title='bbox 1004 2694 1037 2756; x_wconf 88' lang='lat' dir='ltr'>et</span> <span class='ocrx_word' id='word_1_158' title='bbox 1060 2711 1078 2755; x_wconf 91' lang='lat' dir='ltr'>a</span> <span class='ocrx_word' id='word_1_159' title='bbox 1101 2691 1204 2775; x_wconf 87' lang='lat' dir='ltr'>gratia</span> <span class='ocrx_word' id='word_1_160' title='bbox 1226 2692 1294 2756; x_wconf 92' lang='lat' dir='ltr'>ueri</span> <span class='ocrx_word' id='word_1_161' title='bbox 1322 2691 1428 2756; x_wconf 83' lang='lat' dir='ltr'>iiheiu·</span> 
     </span>
     <span class='ocr_line' id='line_1_21' title="bbox 288 2798 1467 2882; baseline 0 -22"><span class='ocrx_word' id='word_1_162' title='bbox 288 2798 366 2863; x_wconf 88' lang='lat' dir='ltr'>toris</span> <span class='ocrx_word' id='word_1_163' title='bbox 391 2799 534 2862; x_wconf 82' lang='lat' dir='ltr'>alienus?</span> <span class='ocrx_word' id='word_1_164' title='bbox 557 2799 638 2862; x_wconf 84' lang='lat' dir='ltr'>Nam</span> <span class='ocrx_word' id='word_1_165' title='bbox 664 2798 691 2862; x_wconf 92' lang='lat' dir='ltr'>si</span> <span class='ocrx_word' id='word_1_166' title='bbox 716 2799 793 2862; x_wconf 86' lang='lat' dir='ltr'>haec</span> <span class='ocrx_word' id='word_1_167' title='bbox 818 2802 896 2880; x_wconf 91' lang='lat' dir='ltr'>aput</span> <span class='ocrx_word' id='word_1_168' title='bbox 919 2799 995 2862; x_wconf 92' lang='lat' dir='ltr'>deos</span> <span class='ocrx_word' id='word_1_169' title='bbox 1024 2802 1194 2882; x_wconf 89' lang='lat' dir='ltr'>agerentur</span> <span class='ocrx_word' id='word_1_170' title='bbox 1219 2798 1331 2875; x_wconf 81' lang='lat' dir='ltr'>horrca,</span> <span class='ocrx_word' id='word_1_171' title='bbox 1358 2799 1427 2881; x_wconf 89' lang='lat' dir='ltr'>plus</span> <span class='ocrx_word' id='word_1_172' title='bbox 1444 2821 1467 2860; x_wconf 82' lang='lat' dir='ltr'>so</span> 
     </span>
     <span class='ocr_line' id='line_1_22' title="bbox 287 2903 1427 2989; baseline 0.001 -23"><span class='ocrx_word' id='word_1_173' title='bbox 287 2903 333 2967; x_wconf 91' lang='lat' dir='ltr'>ibi</span> <span class='ocrx_word' id='word_1_174' title='bbox 357 2906 466 2986; x_wconf 87' lang='lat' dir='ltr'>utiquc</span> <span class='ocrx_word' id='word_1_175' title='bbox 491 2907 612 2969; x_wconf 87' lang='lat' dir='ltr'>ualeret</span> <span class='ocrx_word' id='word_1_176' title='bbox 635 2903 794 2969; x_wconf 86' lang='lat' dir='ltr'>beneficus</span> <span class='ocrx_word' id='word_1_177' title='bbox 818 2907 969 2989; x_wconf 88' lang='lat' dir='ltr'>purgator</span> <span class='ocrx_word' id='word_1_178' title='bbox 992 2905 1113 2968; x_wconf 88' lang='lat' dir='ltr'>animae</span> <span class='ocrx_word' id='word_1_179' title='bbox 1138 2924 1230 2986; x_wconf 87' lang='lat' dir='ltr'>quem</span> <span class='ocrx_word' id='word_1_180' title='bbox 1256 2905 1427 2970; x_wconf 86' lang='lat' dir='ltr'>maieuolus</span> 
     </span>
     <span class='ocr_line' id='line_1_23' title="bbox 288 3010 1428 3095; baseline 0.002 -21"><span class='ocrx_word' id='word_1_181' title='bbox 288 3010 456 3094; x_wconf 83' lang='lat' dir='ltr'>inpeditur.</span> <span class='ocrx_word' id='word_1_182' title='bbox 486 3014 552 3075; x_wconf 86' lang='lat' dir='ltr'>Aut</span> <span class='ocrx_word' id='word_1_183' title='bbox 575 3013 602 3076; x_wconf 91' lang='lat' dir='ltr'>si</span> <span class='ocrx_word' id='word_1_184' title='bbox 626 3012 674 3076; x_wconf 89' lang='lat' dir='ltr'>dis</span> <span class='ocrx_word' id='word_1_185' title='bbox 698 3012 792 3076; x_wconf 90' lang='lat' dir='ltr'>iustis</span> <span class='ocrx_word' id='word_1_186' title='bbox 818 3011 922 3088; x_wconf 79' lang='lat' dir='ltr'>homo,</span> <span class='ocrx_word' id='word_1_187' title='bbox 951 3030 1006 3094; x_wconf 94' lang='lat' dir='ltr'>pro</span> <span class='ocrx_word' id='word_1_188' title='bbox 1036 3031 1097 3094; x_wconf 91' lang='lat' dir='ltr'>quo</span> <span class='ocrx_word' id='word_1_189' title='bbox 1126 3012 1290 3095; x_wconf 87' lang='lat' dir='ltr'>agebatur,</span> <span class='ocrx_word' id='word_1_190' title='bbox 1321 3029 1428 3095; x_wconf 84' lang='lat' dir='ltr'>purga·</span> 
     </span>
     <span class='ocr_line' id='line_1_24' title="bbox 288 3117 1427 3202; baseline 0.002 -23"><span class='ocrx_word' id='word_1_191' title='bbox 288 3117 374 3181; x_wconf 88' lang='lat' dir='ltr'>tione</span> <span class='ocrx_word' id='word_1_192' title='bbox 399 3117 567 3182; x_wconf 90' lang='lat' dir='ltr'>uidebatur</span> <span class='ocrx_word' id='word_1_193' title='bbox 593 3117 753 3202; x_wconf 88' lang='lat' dir='ltr'>indignus,</span> <span class='ocrx_word' id='word_1_194' title='bbox 782 3137 842 3183; x_wconf 92' lang='lat' dir='ltr'>nou</span> <span class='ocrx_word' id='word_1_195' title='bbox 875 3119 986 3200; x_wconf 89' lang='lat' dir='ltr'>utiquo</span> <span class='ocrx_word' id='word_1_196' title='bbox 1020 3118 1058 3182; x_wconf 91' lang='lat' dir='ltr'>ab</span> <span class='ocrx_word' id='word_1_197' title='bbox 1090 3118 1198 3183; x_wconf 92' lang='lat' dir='ltr'>inuido</span> <span class='ocrx_word' id='word_1_198' title='bbox 1230 3119 1332 3183; x_wconf 91' lang='lat' dir='ltr'>territi</span> <span class='ocrx_word' id='word_1_199' title='bbox 1364 3136 1427 3192; x_wconf 86' lang='lat' dir='ltr'>nec,</span> 
     </span>
     <span class='ocr_line' id='line_1_25' title="bbox 289 3221 1427 3306; baseline -0.002 -19"><span class='ocrx_word' id='word_1_200' title='bbox 289 3224 464 3305; x_wconf 88' lang='lat' dir='ltr'>sicutipse</span> <span class='ocrx_word' id='word_1_201' title='bbox 489 3223 577 3302; x_wconf 83' lang='lat' dir='ltr'>dicit,</span> <span class='ocrx_word' id='word_1_202' title='bbox 601 3244 656 3306; x_wconf 89' lang='lat' dir='ltr'>per</span> <span class='ocrx_word' id='word_1_203' title='bbox 679 3232 800 3289; x_wconf 86' lang='lat' dir='ltr'>metum</span> <span class='ocrx_word' id='word_1_204' title='bbox 822 3225 1008 3290; x_wconf 86' lang='lat' dir='ltr'>ualentioris</span> <span class='ocrx_word' id='word_1_205' title='bbox 1037 3225 1175 3290; x_wconf 89' lang='lat' dir='ltr'>numinis</span> <span class='ocrx_word' id='word_1_206' title='bbox 1204 3223 1348 3306; x_wconf 79' lang='lat' dir='ltr'>inpediti,</span> <span class='ocrx_word' id='word_1_207' title='bbox 1377 3221 1427 3288; x_wconf 85' lang='lat' dir='ltr'>sed</span> 
     </span>
     <span class='ocr_line' id='line_1_26' title="bbox 288 3329 1466 3416; baseline -0.001 -25"><span class='ocrx_word' id='word_1_208' title='bbox 288 3329 404 3394; x_wconf 89' lang='lat' dir='ltr'>iudicio</span> <span class='ocrx_word' id='word_1_209' title='bbox 428 3330 527 3395; x_wconf 89' lang='lat' dir='ltr'>libero</span> <span class='ocrx_word' id='word_1_210' title='bbox 551 3331 584 3394; x_wconf 93' lang='lat' dir='ltr'>id</span> <span class='ocrx_word' id='word_1_211' title='bbox 607 3351 721 3416; x_wconf 85' lang='lat' dir='ltr'>negare</span> <span class='ocrx_word' id='word_1_212' title='bbox 746 3331 931 3397; x_wconf 87' lang='lat' dir='ltr'>debuerunt.</span> <span class='ocrx_word' id='word_1_213' title='bbox 974 3332 1091 3396; x_wconf 91' lang='lat' dir='ltr'>Mirum</span> <span class='ocrx_word' id='word_1_214' title='bbox 1120 3336 1170 3396; x_wconf 88' lang='lat' dir='ltr'>est</span> <span class='ocrx_word' id='word_1_215' title='bbox 1198 3337 1315 3412; x_wconf 79' lang='lat' dir='ltr'>autem,</span> <span class='ocrx_word' id='word_1_216' title='bbox 1350 3329 1428 3414; x_wconf 88' lang='lat' dir='ltr'>quod</span> <span class='ocrx_word' id='word_1_217' title='bbox 1445 3352 1466 3390; x_wconf 74' lang='lat' dir='ltr'>a</span> 
     </span>
     <span class='ocr_line' id='line_1_27' title="bbox 287 3435 1427 3521; baseline 0.001 -23"><span class='ocrx_word' id='word_1_218' title='bbox 287 3435 445 3519; x_wconf 86' lang='lat' dir='ltr'>benignus</span> <span class='ocrx_word' id='word_1_219' title='bbox 468 3435 522 3500; x_wconf 91' lang='lat' dir='ltr'>ille</span> <span class='ocrx_word' id='word_1_220' title='bbox 543 3435 731 3513; x_wconf 74' lang='lat' dir='ltr'>Chaldaeus,</span> <span class='ocrx_word' id='word_1_221' title='bbox 757 3437 810 3519; x_wconf 91' lang='lat' dir='ltr'>qui</span> <span class='ocrx_word' id='word_1_222' title='bbox 829 3437 1004 3520; x_wconf 84' lang='lat' dir='ltr'>theurgicis</span> <span class='ocrx_word' id='word_1_223' title='bbox 1024 3437 1121 3502; x_wconf 87' lang='lat' dir='ltr'>sacris</span> <span class='ocrx_word' id='word_1_224' title='bbox 1141 3437 1278 3502; x_wconf 89' lang='lat' dir='ltr'>animam</span> <span class='ocrx_word' id='word_1_225' title='bbox 1298 3455 1427 3521; x_wconf 87' lang='lat' dir='ltr'>purgare</span> 
     </span>
    </p>
   </div>
   <div class='ocr_carea' id='block_1_6' title="bbox 327 3723 1428 3832">
    <p class='ocr_par' dir='ltr' id='par_1_6' title="bbox 327 3723 1428 3832">
     <span class='ocr_line' id='line_1_28' title="bbox 327 3723 1428 3832; baseline 0.004 -22"><span class='ocrx_word' id='word_1_226' title='bbox 327 3760 385 3811; x_wconf 89' lang='lat' dir='ltr'>iet</span> <span class='ocrx_word' id='word_1_227' title='bbox 407 3763 471 3811; x_wconf 82' lang='lat' dir='ltr'>ante</span> <span class='ocrx_word' id='word_1_228' title='bbox 488 3757 589 3826; x_wconf 89' lang='lat' dir='ltr'>ligauit</span> <span class='ocrx_word' id='word_1_229' title='bbox 607 3775 658 3812; x_wconf 89' lang='lat' dir='ltr'>om.</span> <span class='ocrx_word' id='word_1_230' title='bbox 679 3759 704 3812; x_wconf 88' lang='lat' dir='ltr'>b¹</span> <span class='ocrx_word' id='word_1_231' title='bbox 761 3761 944 3830; x_wconf 88' lang='lat' dir='ltr'>2appareta</span> <span class='ocrx_word' id='word_1_232' title='bbox 1016 3761 1044 3812; x_wconf 89' lang='lat' dir='ltr'>in</span> <span class='ocrx_word' id='word_1_233' title='bbox 1062 3760 1234 3830; x_wconf 82' lang='lat' dir='ltr'>theurgicae</span> <span class='ocrx_word' id='word_1_234' title='bbox 1287 3723 1428 3832; x_wconf 73' lang='lat' dir='ltr'>dpecien-</span> 
     </span>
    </p>
   </div>
   <div class='ocr_carea' id='block_1_7' title="bbox 287 3880 1428 4398">
    <p class='ocr_par' dir='ltr' id='par_1_7' title="bbox 287 3880 1428 4398">
     <span class='ocr_line' id='line_1_29' title="bbox 289 3880 1428 3952; baseline 0.006 -18"><span class='ocrx_word' id='word_1_235' title='bbox 289 3880 335 3945; x_wconf 77' lang='lat' dir='ltr'>tia,</span> <span class='ocrx_word' id='word_1_236' title='bbox 354 3882 385 3935; x_wconf 80' lang='lat' dir='ltr'>in</span> <span class='ocrx_word' id='word_1_237' title='bbox 402 3899 488 3951; x_wconf 74' lang='lat' dir='ltr'>marg.</span> <span class='ocrx_word' id='word_1_238' title='bbox 508 3884 607 3952; x_wconf 67' lang='lat' dir='ltr'>pathe</span> <span class='ocrx_word' id='word_1_239' title='bbox 704 3883 904 3938; x_wconf 77' lang='lat' dir='ltr'>tadherenss</span> <span class='ocrx_word' id='word_1_240' title='bbox 994 3885 1213 3939; x_wconf 76' lang='lat' dir='ltr'>isententiacs</span> <span class='ocrx_word' id='word_1_241' title='bbox 1305 3889 1338 3941; x_wconf 73' lang='lat'>14</span> <span class='ocrx_word' id='word_1_242' title='bbox 1357 3885 1428 3940; x_wconf 83' lang='lat' dir='ltr'>adiu·</span> 
     </span>
     <span class='ocr_line' id='line_1_30' title="bbox 288 3971 1427 4043; baseline 0.007 -21"><span class='ocrx_word' id='word_1_243' title='bbox 288 3971 344 4023; x_wconf 90' lang='lat' dir='ltr'>uari</span> <span class='ocrx_word' id='word_1_244' title='bbox 373 3987 412 4038; x_wconf 82' lang='lat' dir='ltr'>ep</span> <span class='ocrx_word' id='word_1_245' title='bbox 485 3971 665 4040; x_wconf 89' lang='lat' dir='ltr'>adiurarique‚</span> <span class='ocrx_word' id='word_1_246' title='bbox 693 3973 791 4026; x_wconf 80' lang='lat' dir='ltr'>onriseo</span> <span class='ocrx_word' id='word_1_247' title='bbox 819 3973 922 4034; x_wconf 79' lang='lat' dir='ltr'>terreri,</span> <span class='ocrx_word' id='word_1_248' title='bbox 951 3974 966 4026; x_wconf 87' lang='lat' dir='ltr'>b</span> <span class='ocrx_word' id='word_1_249' title='bbox 1038 3975 1188 4043; x_wconf 85' lang='lat' dir='ltr'>terrerique</span> <span class='ocrx_word' id='word_1_250' title='bbox 1213 3991 1274 4029; x_wconf 80' lang='lat' dir='ltr'>arse.</span> <span class='ocrx_word' id='word_1_251' title='bbox 1298 3992 1331 4042; x_wconf 86' lang='lat' dir='ltr'>v,·</span> <span class='ocrx_word' id='word_1_252' title='bbox 1356 3979 1427 4030; x_wconf 87' lang='lat' dir='ltr'>teue-</span> 
     </span>
     <span class='ocr_line' id='line_1_31' title="bbox 287 4059 1427 4134; baseline 0.004 -23"><span class='ocrx_word' id='word_1_253' title='bbox 287 4059 363 4127; x_wconf 90' lang='lat' dir='ltr'>rique</span> <span class='ocrx_word' id='word_1_254' title='bbox 382 4059 481 4114; x_wconf 87' lang='lat' dir='ltr'>Domb.</span> <span class='ocrx_word' id='word_1_255' title='bbox 576 4062 607 4116; x_wconf 82' lang='grc'>16</span> <span class='ocrx_word' id='word_1_256' title='bbox 628 4061 739 4114; x_wconf 84' lang='lat' dir='ltr'>eandem</span> <span class='ocrx_word' id='word_1_257' title='bbox 759 4077 810 4116; x_wconf 90' lang='lat' dir='ltr'>om.</span> <span class='ocrx_word' id='word_1_258' title='bbox 831 4061 859 4114; x_wconf 85' lang='lat' dir='ltr'>a¹</span> <span class='ocrx_word' id='word_1_259' title='bbox 951 4066 1035 4116; x_wconf 89' lang='lat' dir='ltr'>artem</span> <span class='ocrx_word' id='word_1_260' title='bbox 1054 4078 1105 4117; x_wconf 85' lang='lat' dir='ltr'>om.</span> <span class='ocrx_word' id='word_1_261' title='bbox 1126 4079 1145 4116; x_wconf 87' lang='grc' dir='ltr'><em>α</em></span> <span class='ocrx_word' id='word_1_262' title='bbox 1232 4065 1392 4134; x_wconf 82' lang='lat' dir='ltr'>theurgican</span> <span class='ocrx_word' id='word_1_263' title='bbox 1410 4081 1427 4116; x_wconf 86' lang='lat' dir='ltr'>o</span> 
     </span>
     <span class='ocr_line' id='line_1_32' title="bbox 289 4149 1427 4222; baseline 0.005 -22"><span class='ocrx_word' id='word_1_264' title='bbox 289 4149 320 4200; x_wconf 80' lang='lat' dir='ltr'>li</span> <span class='ocrx_word' id='word_1_265' title='bbox 340 4149 367 4201; x_wconf 93' lang='lat' dir='ltr'>in</span> <span class='ocrx_word' id='word_1_266' title='bbox 388 4149 467 4203; x_wconf 82' lang='lat' dir='ltr'>illoc</span> <span class='ocrx_word' id='word_1_267' title='bbox 541 4153 665 4203; x_wconf 80' lang='lat' dir='ltr'>eterne</span> <span class='ocrx_word' id='word_1_268' title='bbox 721 4152 886 4204; x_wconf 87' lang='lat' dir='ltr'>l9som.e</span> <span class='ocrx_word' id='word_1_269' title='bbox 940 4152 975 4205; x_wconf 83' lang='lat'>20</span> <span class='ocrx_word' id='word_1_270' title='bbox 994 4151 1064 4222; x_wconf 87' lang='lat' dir='ltr'>apud</span> <span class='ocrx_word' id='word_1_271' title='bbox 1084 4169 1130 4205; x_wconf 86' lang='lat' dir='ltr'>eo</span> <span class='ocrx_word' id='word_1_272' title='bbox 1145 4153 1173 4206; x_wconf 81' lang='grc' dir='ltr'>ιι1</span> <span class='ocrx_word' id='word_1_273' title='bbox 1246 4152 1427 4208; x_wconf 78' lang='lat' dir='ltr'>bonosumc</span> 
     </span>
     <span class='ocr_line' id='line_1_33' title="bbox 288 4235 1424 4298; baseline 0.004 -10"><span class='ocrx_word' id='word_1_274' title='bbox 288 4237 319 4289; x_wconf 82' lang='lat'>21</span> <span class='ocrx_word' id='word_1_275' title='bbox 342 4235 479 4290; x_wconf 84' lang='lat' dir='ltr'>beneficiis</span> <span class='ocrx_word' id='word_1_276' title='bbox 499 4236 528 4292; x_wconf 87' lang='lat' dir='ltr'>b²</span> <span class='ocrx_word' id='word_1_277' title='bbox 615 4239 760 4298; x_wconf 86' lang='lat' dir='ltr'>maliuolus</span> <span class='ocrx_word' id='word_1_278' title='bbox 780 4239 880 4294; x_wconf 79' lang='lat' dir='ltr'>abet²</span> <span class='ocrx_word' id='word_1_279' title='bbox 952 4242 986 4296; x_wconf 85' lang='lat'>23</span> <span class='ocrx_word' id='word_1_280' title='bbox 1005 4241 1133 4295; x_wconf 83' lang='lat' dir='ltr'>terreris</span> <span class='ocrx_word' id='word_1_281' title='bbox 1203 4242 1238 4296; x_wconf 80' lang='lat'>25</span> <span class='ocrx_word' id='word_1_282' title='bbox 1262 4241 1319 4296; x_wconf 91' lang='lat' dir='ltr'>iud.</span> <span class='ocrx_word' id='word_1_283' title='bbox 1336 4241 1382 4295; x_wconf 90' lang='lat' dir='ltr'>lih.</span> <span class='ocrx_word' id='word_1_284' title='bbox 1399 4239 1424 4294; x_wconf 90' lang='lat' dir='ltr'>id</span> 
     </span>
     <span class='ocr_line' id='line_1_34' title="bbox 287 4325 1348 4398; baseline 0.008 -22"><span class='ocrx_word' id='word_1_285' title='bbox 287 4327 397 4393; x_wconf 87' lang='lat' dir='ltr'>negare]</span> <span class='ocrx_word' id='word_1_286' title='bbox 418 4325 474 4381; x_wconf 92' lang='lat' dir='ltr'>iud.</span> <span class='ocrx_word' id='word_1_287' title='bbox 494 4325 545 4378; x_wconf 85' lang='lat' dir='ltr'>dei.</span> <span class='ocrx_word' id='word_1_288' title='bbox 564 4327 702 4395; x_wconf 81' lang='lat' dir='ltr'>indignari</span> <span class='ocrx_word' id='word_1_289' title='bbox 723 4345 741 4380; x_wconf 82' lang='lat' dir='ltr'>a</span> <span class='ocrx_word' id='word_1_290' title='bbox 812 4329 921 4398; x_wconf 90' lang='lat' dir='ltr'>mirum]</span> <span class='ocrx_word' id='word_1_291' title='bbox 941 4331 1069 4384; x_wconf 86' lang='lat' dir='ltr'>uerumb</span> <span class='ocrx_word' id='word_1_292' title='bbox 1124 4330 1158 4385; x_wconf 80' lang='grc'>26</span> <span class='ocrx_word' id='word_1_293' title='bbox 1177 4330 1317 4384; x_wconf 85' lang='lat' dir='ltr'>sacrificiis</span> <span class='ocrx_word' id='word_1_294' title='bbox 1334 4347 1348 4384; x_wconf 82' lang='lat' dir='ltr'>s</span> 
     </span>
    </p>
   </div>
   <div class='ocr_carea' id='block_1_8' title="bbox 0 0 1572 4934">
    <p class='ocr_par' dir='ltr' id='par_1_8' title="bbox 0 0 1572 4934">
     <span class='ocr_line' id='line_1_35' title="bbox 0 0 1572 4934; baseline 0 1"><span class='ocrx_word' id='word_1_295' title='bbox 0 0 1572 4934; x_wconf 95' lang='lat' dir='ltr'> </span> 
     </span>
    </p>
   </div>
  </div>
 </body>
</html>
