3108 4926
256 373 321 436 280
604 366 631 424 S.
658 365 817 420 Aurelii
845 367 1067 436 Augustini

256 560 350 626 rebus
379 579 439 625 uon
467 562 621 638 naturam,
646 558 703 624 sed
731 559 894 624 hominum
922 559 1070 626 instituta
1099 563 1230 626 secutus
1258 564 1317 626 est.
1351 561 1395 626 In-

255 671 403 731 tueamur
421 685 497 731 sane
517 669 549 730 et
568 665 694 732 ciuilem
714 665 906 751 theologiam.
927 666 1079 730 ‘Tertium
1093 686 1193 750 genus
1214 670 1274 745 est,
1291 667 1397 750 iuquit,

256 771 341 856 quod
368 773 400 837 in
429 773 560 838 urbibus
590 773 689 850 uiues,
718 773 852 837 maxime
881 772 1071 852 sacerdotes,
1099 793 1194 840 nosse
1223 774 1326 857 adque
1353 775 1399 839 ad-

256 879 435 945 ministrare
464 880 590 945 debent.
632 881 669 944 In
701 899 763 962 quo
798 882 856 958 est,
887 899 965 962 quos
999 879 1074 945 deos
1106 881 1246 963 publice,
1272 891 1397 962 (quae)

257 1003 346 1050 saera
373 1005 410 1050 ao
438 985 593 1051 saeridoia
621 987 723 1052 colere
751 991 784 1050 et
806 986 909 1050 faeere
933 1005 1089 1069 quemque
1113 1006 1169 1069 par
1192 987 1256 1052 sit‘.
1292 988 1400 1052 Adhuc
1429 1003 1444 1042 ⁵

257 1090 341 1173 quod
369 1092 513 1175 sequitur
542 1093 759 1158 adtendamus.
798 1093 924 1174 Prima,
948 1093 1061 1176 inquit,
1085 1093 1248 1177 theologia
1270 1094 1401 1158 maxime

257 1197 497 1264 adcommodata
520 1205 570 1264 est
593 1200 632 1264 ad
656 1200 825 1275 theatrum,
846 1199 984 1265 seeundo
1007 1198 1046 1264 ad
1069 1201 1233 1278 mundum,
1252 1201 1348 1265 tertia
1366 1201 1405 1266 ad

257 1305 388 1370 urbem’.
414 1304 493 1385 Quis
509 1326 569 1370 non
585 1307 702 1386 uideat,
718 1307 769 1371 oui
784 1307 922 1388 palmam
938 1306 1078 1371 dederit?
1102 1307 1221 1389 Utique
1238 1307 1403 1388 secundae,

258 1431 353 1494 quam
381 1431 477 1496 supra
505 1412 584 1478 dixit
612 1433 682 1478 esse
708 1413 981 1497 philosophorum.
1018 1413 1108 1478 Hane
1136 1414 1218 1478 enim
1247 1415 1403 1497 pertinere

256 1521 394 1583 testatur
418 1518 457 1584 ad
479 1519 643 1596 mundum,
664 1539 725 1602 quo
750 1519 804 1584 isti
828 1519 907 1584 nihil
926 1538 996 1584 esse
1015 1519 1220 1585 excellentius
1240 1522 1405 1603 opinantur
1420 1538 1445 1578 ιθ

257 1625 288 1688 in
322 1625 428 1692 rebus.
474 1626 563 1690 Duas
596 1644 672 1693 uero
704 1626 777 1691 illas
810 1625 997 1710 theologias,
1030 1626 1165 1708 primam
1198 1628 1230 1690 et
1266 1629 1403 1702 tertiam,

256 1731 372 1796 theatri
398 1732 520 1798 seilicet
544 1733 646 1815 adque
665 1733 762 1808 urhis,
783 1731 927 1798 distinxit
946 1752 984 1797 an
1002 1733 1123 1797 iunxit?
1147 1732 1304 1799 Videmus
1322 1734 1404 1800 enim

257 1857 318 1902 non
344 1839 503 1916 mutiano,
529 1838 613 1921 quod
637 1843 687 1904 est
710 1839 808 1916 urbis,
827 1839 982 1922 pertinere
1006 1857 1100 1922 posse
1124 1842 1157 1903 et
1178 1839 1219 1903 ad
1240 1839 1404 1914 muudum,

258 1946 404 2025 quamuis
432 1945 526 2011 urbes
556 1965 626 2010 esse
654 1945 821 2011 uideamus
850 1945 881 2010 in
909 1943 1042 2022 mundo;
1076 1943 1144 2009 fieri
1172 1945 1255 2009 enim
1288 1949 1404 2028 potest,

257 2055 295 2116 ut
326 2051 357 2116 in
390 2052 467 2116 urhe
502 2051 675 2117 seeundum
712 2052 808 2117 falsas
847 2051 1008 2135 opiniones
1048 2071 1085 2115 ea
1121 2052 1266 2116 colantur
1302 2055 1335 2116 et
1370 2071 1404 2118 ea
1421 2069 1446 2108 1⁵

258 2157 434 2236 credantur,
464 2177 597 2242 quorum
625 2159 657 2222 in
686 2159 803 2222 mundo
831 2159 885 2222 uel
918 2160 1004 2222 extra
1035 2157 1190 2222 mundum
1222 2161 1336 2223 natura
1364 2159 1406 2222 sit

258 2283 428 2345 nusquam:
452 2265 610 2330 theatrum
635 2283 709 2330 uero
735 2265 789 2330 uhi
814 2268 865 2330 est
886 2264 948 2330 nisi
972 2265 1003 2328 in
1024 2265 1121 2328 urbe?
1146 2264 1225 2344 Quis
1245 2265 1405 2330 theatrum

256 2370 400 2435 instituit
422 2371 483 2436 nisi
507 2371 645 2439 ciuitas?
667 2373 801 2454 Propter
824 2371 900 2454 quid
923 2371 1066 2436 instituit
1089 2371 1150 2436 nisi
1168 2375 1297 2454 propter
1313 2371 1406 2436 indos

258 2477 441 2542 scaenicos?
479 2476 542 2541 Ubi
571 2481 646 2541 sunt
673 2477 742 2541 ludi
770 2478 907 2543 scaenici
935 2477 996 2542 nisi
1025 2477 1055 2541 in
1085 2477 1180 2542 rebus
1209 2477 1341 2556 diuinis,
1370 2478 1408 2542 de

259 2583 374 2666 quihus
398 2583 431 2648 hi
454 2583 528 2648 libri
551 2588 640 2650 tanta
663 2585 806 2650 sollertia
829 2584 1093 2650 conscribuntur?
1424 2604 1449 2644 so

722 2741 859 2808 CAPUT
883 2743 936 2808 VI.

258 2857 312 2923 De
336 2858 552 2942 theologia
575 2859 765 2941 mythico,
786 2858 824 2921 id
849 2861 911 2923 est
934 2857 1136 2934 fabulosa,
1157 2859 1196 2920 et
1219 2857 1265 2921 de
1285 2857 1407 2922 ciuili

638 2967 776 3029 eontra
795 2963 1025 3029 Varronem.

304 3079 329 3144 Ο
363 3079 469 3144 Marce
496 3079 605 3156 Varro,
640 3098 712 3143 oum
751 3079 795 3144 sis
827 3078 921 3143 homo
956 3078 1097 3144 omnium
1131 3078 1338 3143 acutissimus
1378 3079 1409 3142 et

259 3185 326 3250 sine
349 3186 418 3249 ulia
440 3185 637 3250 dubitatione
662 3185 880 3262 doctissimus,
901 3183 955 3249 sed
975 3187 1081 3249 tamen
1100 3184 1206 3263 homo,
1227 3203 1287 3249 non
1307 3183 1407 3262 Beue,
1426 3210 1452 3252 aa

295 3334 308 3386 i
337 3337 461 3387 naturam
488 3333 706 3402 0o1lp0¹fo;
733 3338 790 3388 nat.
815 3332 924 3386 deornm
949 3331 1106 3401 b²equ²h5
1134 3319 1209 3398 deoii
1237 3349 1272 3386 m.
1295 3349 1350 3386 reo.
1378 3333 1409 3386 in

257 3449 386 3517 marui}
456 3451 636 3504 intuemurO
689 3452 789 3504 2saue
808 3466 867 3519 sup.
888 3449 984 3504 ΖΜΟ
1037 3448 1184 3502 30rhihus
1206 3448 1239 3502 0¹
1297 3447 1408 3517 dqood

259 3538 324 3592 deos
344 3538 442 3606 ahpq
551 3555 619 3608 quae
638 3555 688 3592 orn.
708 3555 770 3592 ansa.
862 3541 877 3592 5
897 3555 973 3592 saera
991 3555 1022 3592 ao
1041 3538 1173 3592 sacrificia
1193 3537 1409 3606 Oa¹bd01pq

258 3627 353 3688 colere.
373 3644 407 3684 m.
423 3633 438 3680 1
455 3628 638 3696 superscripto
658 3632 686 3681 et
705 3627 802 3690 iacere,
825 3627 859 3694 0‚·
883 3627 969 3681 colero
990 3630 1017 3680 et
1036 3627 1124 3680 facere
1145 3625 1301 3695 hdetpq,·
1319 3627 1407 3681 colere

258 3721 287 3769 et
310 3733 387 3770 saera
411 3734 441 3770 ao
461 3717 592 3770 sacrificia
610 3715 698 3770 iacere
718 3715 763 3782 a²;
790 3716 886 3778 colere,
907 3733 975 3784 quae
994 3733 1070 3770 sacra
1088 3719 1117 3769 et
1135 3715 1266 3770 sacrificiu
1284 3717 1374 3770 iacere
1392 3733 1408 3770 θ

257 3805 357 3859 Domb.
377 3805 425 3872 qui
443 3805 543 3859 edidit:
563 3823 629 3876 quos
649 3805 714 3858 deos
740 3806 847 3874 publice
870 3805 912 3836 *¹*
937 3823 1013 3859 saera
1038 3807 1066 3858 et
1088 3804 1218 3860 sacrificia
1241 3805 1330 3860 colere
1356 3805 1406 3858 ud·

256 3901 352 3948 notat:
379 3896 505 3963 ‘fortasse
528 3893 684 3964 leuandum:
710 3895 817 3964 publice
841 3911 916 3948 sacro
940 3898 969 3947 et
992 3893 1122 3950 sacrificio
1147 3894 1235 3948 colere
1261 3905 1405 3963 quemque·

256 4001 313 4053 par,
332 3981 516 4052 superscripto
535 3983 585 4048 ias,
601 4001 622 4051 p
713 3984 848 4037 Sorbem
868 3984 889 4036 Ζ1
981 3984 1014 4037 10
1041 3985 1093 4037 iste
1112 3981 1138 4037 e²
1246 3984 1407 4052 opinature

259 4074 291 4127 12
309 4073 426 4126 theatris
446 4071 550 4126 seilicet
569 4076 651 4140 atque
671 4073 768 4140 urbip
859 4072 998 4126 distincxit
1020 4071 1090 4126 Odi
1172 4088 1206 4125 an
1225 4071 1314 4126 iunxit
1335 4071 1406 4126 ΟΨ

257 4189 326 4256 dep
336 4186 365 4242 1⁶²
377 4191 436 4253 fra·
455 4206 487 4242 an
503 4188 625 4242 adiunxit
642 4188 689 4255 (j-'²;
708 4188 830 4242 adiunxit
844 4188 870 4242 h¹
883 4187 902 4242 l¹
915 4187 983 4254 at¹;
1002 4205 1033 4242 ao
1047 4189 1120 4242 iuur.
1136 4185 1174 4255 3²,·
1188 4189 1216 4241 et
1229 4153 1334 4241 adirixit
1349 4186 1407 4241 (ιδ’

259 4277 293 4330 18
313 4277 384 4347 quod
404 4278 429 4330 e¹
501 4279 554 4332 nisi
573 4295 632 4347 serp.
653 4281 702 4333 iia.
724 4278 747 4332 (t
