3136 4928
292 445 356 509 546
646 443 673 496 S.
701 441 855 496 Aurelii
883 441 1101 510 Augustini

292 657 386 720 quam
420 637 481 701 isto
516 637 593 712 sole,
621 637 659 699 nt
690 635 722 698 in
754 653 818 700 uuo
851 635 968 700 mundo
1001 654 1084 702 unus
1117 639 1213 714 esset,
1242 654 1304 701 non
1339 635 1440 699 decori

290 742 538 828 pulchritudinis
561 743 615 807 uel
639 742 735 806 etiam
760 741 857 806 saluti
879 760 984 806 rerum
1008 742 1216 825 corporalium
1241 741 1441 806 consuluisse

292 849 445 914 artificem
468 849 583 925 Deum,
607 848 664 912 sed
687 849 747 913 hoc
771 848 879 931 potius
904 847 1058 924 euenisse,
1084 849 1157 931 quis
1181 867 1244 912 una
1266 849 1375 912 anima
1398 848 1442 912 sic

290 960 488 1040 peccauerat,
513 959 550 1019 ut
576 956 635 1026 tali
664 974 792 1038 corpore
820 958 995 1022 mereretur
1021 955 1162 1020 includi?
1191 973 1228 1021 ac
1251 975 1309 1039 per
1331 955 1393 1022 hoc
1417 956 1443 1019 si

292 1062 489 1147 contigisset,
510 1067 548 1127 ut
570 1081 631 1127 nou
655 1080 727 1139 una,
747 1062 804 1130 sed
828 1062 922 1138 duae;
947 1061 1044 1126 immo
1064 1080 1125 1126 uon
1144 1061 1236 1142 duae,
1256 1061 1313 1126 sed
1334 1061 1442 1126 decem
1469 1087 1479 1126 s

291 1171 345 1234 uel
378 1172 505 1234 centum
537 1169 685 1234 similitor
712 1168 947 1251 aequaliterque
975 1173 1171 1250 peccassent,
1201 1171 1330 1234 centum
1360 1168 1442 1232 soles

291 1276 422 1342 haberet
449 1276 502 1340 hic
526 1275 685 1340 mundus?
724 1274 815 1354 Quod
838 1278 958 1340 utnon
983 1273 1082 1348 fieret,
1106 1295 1168 1341 non
1192 1274 1315 1357 opificis
1340 1275 1442 1358 proni·

292 1384 381 1448 sione
404 1382 541 1447 mirabili
565 1381 604 1446 ad
627 1401 732 1448 rerum
756 1381 966 1464 corporalium
988 1383 1124 1446 salutem
1144 1382 1355 1465 decoremque
1374 1399 1442 1446 con·

293 1491 413 1554 sultnm
444 1491 503 1568 est,
529 1488 584 1553 sed
613 1487 749 1572 contigit
776 1488 885 1570 potius
912 1491 1000 1552 tanta
1027 1488 1121 1556 unius
1150 1487 1272 1552 animae
1299 1506 1442 1572 progres-

292 1597 380 1662 sione
412 1595 585 1679 peccantis,
613 1598 651 1660 ut
684 1595 752 1660 sola
785 1614 899 1679 corpus
931 1595 996 1660 tole
1023 1599 1207 1660 mereretur.
1248 1595 1322 1660 Non
1351 1595 1441 1678 plane
1458 1620 1478 1660 o

292 1703 479 1782 animarum,
512 1701 551 1766 de
589 1701 704 1784 quibus
742 1702 891 1768 nesciunt
922 1701 999 1783 quid
1031 1703 1210 1786 loquantur,
1244 1702 1302 1766 sed
1336 1720 1441 1766 eornm

291 1810 444 1892 ipsorum,
482 1809 536 1891 qui
573 1808 651 1872 talis
687 1807 816 1891 sapiunt
850 1808 990 1872 multum
1025 1809 1119 1892 longe
1156 1828 1175 1872 a
1211 1809 1358 1886 ueritate,
1386 1804 1439 1894 [et]

291 1916 404 1980 merito
429 1917 479 1980 est
502 1913 696 1982 cohercenda
719 1914 908 1998 progressio.
940 1914 1027 1980 Haec
1051 1933 1126 1998 ergo
1151 1915 1221 1990 tria,
1246 1933 1329 1998 quae
1353 1934 1440 1998 supe·
1549 1897 1550 1982 ἶ

292 2021 357 2085 rius
396 2020 628 2100 commendaui,
662 2039 734 2084 cum
771 2020 803 2083 in
836 2038 1026 2104 unaquaque
1059 2023 1201 2086 creatura
1231 2021 1439 2103 requirentur,

292 2127 364 2210 quis
398 2147 466 2192 eam
495 2127 616 2206 fecerit,
644 2146 701 2210 per
729 2126 806 2209 qnid
832 2127 952 2205 fecerit,
981 2146 1075 2210 quare
1102 2127 1223 2204 fecerit,
1251 2135 1290 2194 ut
1317 2145 1438 2210 respon·
1454 2149 1475 2190 rs

292 2235 404 2299 deatnr
432 2234 539 2315 ‘Deus
567 2253 623 2317 per
645 2234 797 2312 Verbum,
827 2233 900 2318 quia
927 2235 1011 2299 bons
1038 2236 1107 2313 est’,
1135 2237 1242 2300 utrum
1273 2234 1437 2298 altitudine

291 2342 429 2425 mystica
468 2341 560 2405 uobis
600 2340 672 2423 ipsa
711 2341 837 2406 trinitas
878 2341 1055 2420 intimetur,
1093 2342 1153 2406 hoc
1193 2343 1243 2405 est
1279 2341 1375 2406 Pater
1408 2341 1437 2403 et

292 2447 393 2512 Filius
432 2451 463 2512 et
496 2447 633 2531 Spiritus
674 2453 813 2524 sanctus,
845 2467 882 2512 sn
921 2446 1044 2530 aliquid
1076 2450 1231 2526 occurrat,
1264 2447 1351 2530 quod
1383 2446 1436 2511 hoo

291 2554 361 2620 loco
391 2553 618 2636 scripturarum
645 2554 679 2618 id
707 2553 926 2637 accipiendum
954 2573 1025 2620 esse
1052 2544 1238 2636 prohibeat,
1257 2553 1353 2619 multi
1380 2572 1434 2618 ser·

291 2661 394 2728 monis
428 2663 477 2724 est
509 2661 664 2744 quaestio,
688 2679 746 2725 nec
774 2661 880 2725 omnia
903 2680 964 2726 uno
993 2661 1155 2728 uolumine
1183 2664 1220 2725 ut
1248 2660 1472 2743 explicemnso
1549 2609 1550 2688 ¹

292 2766 468 2850 urgendum
492 2770 549 2832 est.

383 3009 416 3063 14
434 3027 460 3078 p.
480 3011 542 3074 542,
561 3011 577 3064 s

328 3186 342 3238 1
363 3185 415 3239 isto
435 3185 492 3238 sole
510 3185 618 3254 scripsi,
633 3201 695 3240 mom
713 3202 794 3254 saepe
812 3187 844 3240 irs
862 3186 1001 3241 codicibus
1013 3203 1070 3255 pro
1089 3187 1216 3241 sotadeo
1234 3185 1376 3256 simpulum
1393 3203 1434 3239 ce·

292 3274 436 3328 casalinos
468 3273 576 3343 lepctur
608 3276 655 3343 (cf.
681 3275 795 3338 inlatam
819 3279 932 3337 mortem
956 3275 979 3328 0
1007 3279 1053 3340 43,
1075 3279 1107 3340 8,·
1134 3275 1251 3336 frontem
1274 3275 1299 3328 0
1324 3277 1370 3338 48,
1393 3277 1436 3339 215

292 3361 422 3422 honorem
439 3361 463 3414 0
478 3365 592 3430 76,10,·
609 3363 758 3424 mercedem
777 3363 937 3432 0146,11;
955 3367 1112 3433 perpetuam
1130 3361 1235 3426 0155,
1254 3367 1305 3430 16,·
1323 3363 1434 3422 Africam

293 3451 318 3502 0
335 3453 402 3514 160,
423 3453 476 3517 225
493 3449 654 3504 felicitatem
671 3449 695 3504 0
711 3453 771 3519 191,
786 3455 821 3505 19
835 3459 898 3518 etc.;
917 3453 951 3520 cf.
971 3450 1072 3520 V516,
1083 3456 1131 3509 27.
1145 3455 1207 3520 521,
1220 3453 1246 3505 9.
1257 3456 1301 3506 10.
1315 3455 1381 3516 527,
1392 3455 1434 3506 24.

295 3541 357 3601 541,
372 3541 399 3591 2.
418 3540 487 3602 550,
505 3542 568 3607 14),·
596 3539 679 3593 istum
703 3540 787 3593 solem
812 3541 890 3594 codd.
909 3545 1022 3609 practer
1040 3558 1077 3610 p,·
1105 3557 1152 3611 per
1176 3542 1260 3594 istum
1284 3541 1369 3595 solem
1387 3557 1433 3610 po.

293 3624 432 3678 Dombart
450 3625 532 3678 istam
552 3626 636 3679 solem
654 3629 752 3680 retinet
772 3627 961 3682 anacoluthon
978 3633 1111 3692 statuens,
1129 3629 1226 3683 mallet
1245 3634 1337 3682 tumen
1358 3627 1435 3683 scribi

292 3714 346 3766 iste
365 3715 405 3766 sol
424 3716 457 3766 ut
538 3713 634 3768 decore
657 3713 726 3768 V¹r²
790 3717 963 3771 3nenisset
1027 3719 1060 3770 12
1078 3717 1162 3787 culpo
1181 3716 1375 3786 disttapuitur:
1393 3715 1433 3786 qui

292 3802 360 3854 talia
383 3803 502 3873 sapiunt,
521 3804 635 3857 multum
660 3804 742 3874 longe
767 3822 783 3858 s
806 3806 922 3860 ueritate
943 3806 991 3876 [et]
1012 3807 1108 3859 merito
1133 3810 1175 3860 est
1193 3805 1361 3860 cohercenda
1378 3821 1431 3875 pro-

293 3891 405 3960 gressio.
426 3891 477 3961 [et]
499 3908 549 3946 om.
570 3909 597 3954 c,
615 3893 729 3946 inclusit
747 3893 846 3947 Dcmb.
931 3895 963 3949 13
984 3910 1048 3963 ergo
1067 3897 1130 3948 suut
1148 3895 1237 3963 trisp
1322 3897 1355 3949 14
1371 3909 1430 3947 uus·

293 3996 416 4050 quaeque
440 3979 467 4034 V
536 3981 709 4050 requirentur
731 3981 769 4050 V,·
786 3983 962 4052 requiruntur
979 3983 1073 4038 redte
1142 3983 1176 4037 18
1194 3983 1240 4053 sn]
1260 3983 1319 4038 inl
1386 3980 1431 4036 hoc

297 4067 405 4135 Voss·
422 4069 450 4122 in
470 4068 522 4122 hcc
542 4075 656 4139 aptae
