3164 4932
393 441 443 494 De
472 441 648 496 ciuitate
678 441 739 496 dei
766 443 831 497 lib.
854 443 916 500 XII.
944 461 1020 514 cap.
1045 445 1086 498 18.
1246 449 1308 514 597

161 635 353 714 faciendum,
392 619 494 718 quem'
522 656 695 720 numquam
733 641 824 702 antea
860 637 987 718 lecerat,
1025 641 1217 723 peruenisse,
1249 660 1310 707 uon

163 743 306 820 scientia,
347 763 409 828 qua
444 747 559 826 putant
595 763 656 808 non
693 764 787 829 posse
826 763 1043 829 quaecumque
1079 747 1203 811 infinita
1240 767 1311 813 con-

161 847 324 932 prehendi,
349 850 404 914 sed
429 851 520 933 quasi
544 851 583 916 ad
606 852 726 928 horam,
752 853 837 916 sicut
859 852 1007 918 ueniebat
1030 855 1060 917 in
1080 858 1229 930 mentem,
1249 856 1310 920 for·

160 957 245 1020 tuita
273 957 409 1040 quadam
436 958 649 1022 inconstantia
677 957 823 1034 uideatur·
846 959 962 1024 fecisse
981 979 1061 1042 qnae
1084 961 1170 1026 fecit.
1212 961 1308 1025 Porro

130 1063 189 1128 ssi
220 1062 270 1126 illi
303 1063 454 1127 circuitus
488 1064 706 1143 admittantur,
739 1064 897 1147 inquiunt,
931 1065 1047 1147 quibus
1081 1067 1132 1130 uel
1166 1071 1310 1132 manente

159 1170 278 1235 mundo
314 1170 364 1234 uel
395 1171 466 1253 ipso
499 1189 624 1253 qnoque
656 1172 849 1236 resolubiles
883 1176 970 1237 ortus
1004 1191 1079 1238 suos
1113 1177 1144 1236 et
1177 1192 1309 1240 occasus

160 1277 280 1341 eisdem
323 1277 508 1342 circuitibus
550 1278 707 1342 inserente
745 1279 854 1342 eadem
890 1280 1079 1362 temporalia
1113 1282 1310 1362 repetuntur,

161 1403 218 1447 nec
251 1383 403 1468 ignauum
437 1384 548 1461 otium,
577 1386 764 1467 praesertim
792 1389 858 1450 tarn
885 1385 998 1472 longae
1027 1385 1094 1450 sine
1121 1386 1213 1450 initio
1242 1387 1310 1451 diu·

160 1490 333 1568 turnitatis,
371 1490 438 1556 Deo
480 1491 641 1567 tribuitur,
679 1511 737 1556 nec
772 1491 940 1574 inprouida
976 1492 1141 1558 temeritas
1179 1513 1309 1575 operum

117 1619 143 1658 ro
160 1616 306 1673 suorum;
336 1597 485 1678 quoniam
514 1597 541 1661 si
569 1617 629 1663 non
660 1598 769 1662 eadem
796 1601 989 1682 repetantur,
1019 1618 1079 1664 non
1107 1602 1243 1682 possunt
1265 1599 1310 1662 in·

159 1703 250 1768 linita
282 1704 467 1768 diuersitate
500 1704 622 1769 uariata
653 1705 721 1768 nlla
753 1705 821 1769 eius
856 1705 988 1769 scientia
1019 1707 1073 1770 uel
1101 1705 1309 1789 praescientia

161 1810 381 1894 conprehendi.

205 1919 273 1982 Has
298 1917 598 2000 argumentationes,
622 1916 738 1998 quibus
767 1917 844 1999 inpii
873 1921 1013 1983 nostram
1042 1919 1219 2002 simplicem
1245 1917 1309 2000 pie·

159 2026 271 2100 tatem,
309 2027 345 2088 ut
382 2043 455 2088 cum
491 2023 556 2088 illis
589 2023 620 2088 in
655 2025 789 2089 circuitu
822 2024 1033 2103 ambulemus,
1069 2026 1106 2090 do
1139 2026 1192 2090 uia
1223 2027 1309 2089 recta

116 2134 315 2196 resonantur
342 2135 492 2206 auertere,
522 2131 548 2196 si
576 2129 655 2195 ratio
684 2132 820 2196 refutare
844 2151 904 2197 non
929 2138 1049 2214 posset,
1073 2131 1151 2197 fides
1174 2132 1309 2196 inridere

161 2237 300 2302 deberet.
340 2237 413 2302 Huc
446 2237 577 2314 accedit,
611 2237 693 2320 quod
721 2237 753 2302 in
782 2237 937 2303 adiutorio
966 2239 1093 2304 Domini
1122 2239 1182 2304 Dei
1210 2239 1309 2303 nostri

160 2345 219 2409 hos
248 2343 408 2409 uolubilos
438 2344 584 2422 circulos,
613 2364 693 2426 quos
722 2345 827 2426 opinio
853 2343 1013 2429 confingit,
1037 2345 1117 2410 ratio
1141 2345 1309 2410 manifesta

161 2451 339 2536 confringit.
364 2451 448 2514 Hinc
472 2451 554 2515 enim
578 2452 712 2515 maxime
735 2451 790 2516 isti
814 2454 928 2530 errant,
952 2452 1042 2516 utin
1068 2452 1204 2516 circuitu
1227 2451 1307 2516 falso

160 2558 321 2621 ambulare
354 2577 447 2640 quam
480 2577 556 2622 uero
590 2561 622 2622 et
653 2561 739 2622 recto
768 2557 881 2622 itinere
909 2557 1030 2636 malint,
1058 2557 1143 2640 quod
1170 2561 1308 2622 mentem

115 2687 142 2725 10
161 2665 301 2728 diuinam
339 2664 465 2729 omnino
497 2662 728 2740 inmutabilem,
762 2664 933 2729 cuiuslibet
964 2663 1128 2728 infinitatis
1163 2682 1308 2748 capacem

160 2775 193 2835 et
221 2772 383 2836 innumera
407 2772 511 2836 omnia
534 2772 601 2836 sine
625 2772 827 2856 cogitationis
852 2771 1056 2836 alternatione
1080 2773 1308 2850 numerantem,

161 2877 200 2942 de
233 2897 291 2942 sna
317 2879 455 2942 humana
481 2879 629 2943 mutabili
657 2883 854 2962 angustaque
889 2879 1078 2954 metiuntur,
1112 2881 1145 2943 et
1175 2877 1212 2941 fit
1242 2877 1307 2942 illis

160 2984 245 3068 quod
283 2985 327 3048 ait
363 2985 542 3067 apostolus:
586 2984 863 3068 conparantes
901 2987 984 3050 enim
1027 2988 1155 3050 semet
1193 2985 1307 3067 ipsos

161 3091 331 3156 sibimet
354 3092 458 3174 ipsis
482 3111 557 3156 non
581 3093 846 3175 intellegunt.
871 3091 951 3156 Nam
972 3092 1047 3174 quia
1064 3092 1130 3157 illis
1155 3091 1308 3174 quidquid

113 3218 139 3256 2⁵
160 3199 237 3262 noui
259 3199 436 3264 faciendum
461 3199 550 3264 uenit
572 3200 603 3262 in
629 3203 777 3275 mentem,
797 3219 880 3264 nouo
904 3199 1034 3263 consilio
1054 3199 1176 3262 faciunt
1193 3199 1308 3280 (muta-

160 3305 241 3369 biles
266 3305 382 3390 qnippo
405 3309 526 3370 mentes
551 3306 691 3390 gerunt):
717 3307 857 3388 prolecto
882 3325 943 3370 non
967 3307 1081 3384 Deum,
1107 3325 1200 3388 quem
1225 3305 1308 3388 cogi-

159 3417 226 3476 tare
259 3432 319 3477 non
352 3415 497 3497 possunt,
532 3412 587 3477 sed
620 3416 721 3476 semet
752 3412 839 3494 ipsos
862 3430 918 3496 pro
946 3412 1002 3476 1110
1032 3413 1218 3496 cogitantes,
1247 3429 1307 3474 non

158 3519 263 3596 illurn,
283 3519 340 3584 sed
363 3537 397 3584 se
420 3519 518 3602 ipsos,
543 3537 600 3583 nec
624 3518 681 3597 illi,
706 3519 762 3582 sed
786 3519 847 3583 sibi
872 3521 1052 3616 conparant.
1076 3519 1176 3583 Nobis
1201 3520 1307 3581 autem

160 3625 208 3690 sas
245 3643 306 3690 nou
344 3629 394 3691 est
431 3625 565 3704 credero,
600 3625 691 3690 aliter
723 3625 806 3690 affici
838 3626 942 3690 Deum
976 3644 1048 3690 cum
1080 3629 1183 3700 uacat,
1217 3623 1309 3687 aliter

251 3860 284 3913 14
301 3859 346 3913 Ps.
368 3860 445 3923 11,9
501 3860 534 3913 23
554 3859 577 3912 2.
598 3858 658 3914 Cor.
680 3859 721 3922 10,
743 3859 776 3912 12

195 4003 451 4072 2qnemounquet
521 4001 647 4056 5illice
737 4002 868 4056 circumit.
889 4007 914 4055 et
932 4002 972 4056 sic
989 4019 1125 4070 sempera
1193 4003 1307 4056 breno·

158 4091 313 4156 lutileslt‚·
332 4091 504 4145 reuolutilce
559 4091 891 4145 'loirouitiinserentcsl
945 4091 1142 4160 &ignauiaml
1197 4092 1307 4160 15001-

159 4180 228 4234 sitl
301 4181 333 4235 16
357 4181 385 4232 iu
406 4177 552 4233 aduentum
567 4197 601 4248 10,·
621 4181 649 4232 in
669 4179 788 4234 aduentu
807 4181 838 4232 a'rc
856 4185 944 4236 ruat
1017 4180 1050 4232 17
1076 4178 1207 4248 confingit
1224 4179 1306 4248 ratio]

160 4269 369 4338 configuratiot
458 4269 493 4322 22
513 4269 727 4338 angustiaquec
813 4270 846 4322 28
867 4269 1083 4339 conparantnrb
1165 4269 1199 4322 29
1218 4268 1307 4321 Deum

160 4355 268 4410 allicio
