3136 4928
300 406 364 470 512
648 403 673 456 S.
702 401 858 457 Aurelii
885 401 1103 472 Augustini

301 601 461 682 disputare
490 599 559 665 eiua
586 600 689 681 ipsius
718 598 838 664 domini
866 602 899 664 et
925 597 1009 683 regis
1037 597 1138 662 nostri
1165 597 1285 678 ubique
1315 595 1449 679 opitula-

299 708 384 772 tione
417 707 517 772 fretus
550 705 725 790 adgrediar,
753 706 954 787 primumque
988 703 1099 780 dicam,
1129 722 1222 786 quem
1251 702 1291 766 ad
1319 702 1450 767 modum

301 814 427 878 exordia
454 813 587 878 duarum
615 813 748 878 istarum
782 811 949 876 ciuitatum
981 810 1013 874 iu
1046 809 1229 894 angelorum
1262 809 1451 874 diuersitate

300 921 540 1004 praecesserint.

774 1059 911 1126 clear
935 1059 975 1124 II.
1479 1073 1490 1113 e

302 1203 356 1268 De
398 1201 680 1286 cognoscendo
722 1202 812 1278 Deo,
856 1200 901 1265 ad
943 1201 1060 1266 ouius
1103 1199 1296 1265 notitiam
1339 1215 1451 1262 nemo

301 1308 506 1374 hominum
544 1309 745 1390 peruenit,
778 1308 859 1372 nisi
897 1326 966 1391 per
1002 1307 1268 1371 mediatorem
1301 1305 1378 1370 Dei
1415 1307 1452 1368 et

460 1415 676 1490 hominum,
699 1415 898 1480 hominem
923 1414 1131 1480 Christum
1154 1413 1300 1478 lesum.

347 1555 501 1638 Magnum
530 1560 579 1619 est
602 1557 635 1620 et
657 1555 828 1619 admodum
852 1575 956 1620 rarum
980 1555 1162 1620 uniuersam
1185 1557 1364 1618 creaturam
1388 1571 1452 1617 cor·

302 1681 431 1744 porcam
454 1665 488 1726 et
504 1662 719 1745 incorpoream
743 1661 974 1727 consideratam
998 1666 1242 1746 conpertamque
1265 1661 1453 1726 mutabilem
1469 1681 1490 1720 ro

305 1769 479 1834 intentione
516 1769 633 1833 mentis
670 1768 818 1834 excedere
856 1770 958 1851 adque
995 1768 1034 1832 ad
1066 1768 1364 1833 incommutabilem
1396 1767 1451 1831 Dei

305 1873 516 1939 substantiam
544 1873 707 1958 peruenire
736 1878 768 1938 et
795 1875 861 1939 illic
886 1874 1006 1939 discere
1030 1895 1066 1940 ex
1088 1874 1169 1958 ipso,
1193 1875 1278 1958 quod
1307 1879 1452 1939 cunctam

304 1987 461 2063 naturam,
490 1999 569 2063 quae
601 2000 662 2045 non
696 1985 745 2045 est
778 1981 862 2064 quod
894 1982 973 2064 ipse,
1002 1999 1063 2045 non
1092 1980 1168 2046 tecit
1195 1981 1256 2046 nisi
1283 1981 1365 2064 ipse.
1403 1981 1452 2046 Sic

306 2087 389 2152 enim
411 2088 499 2152 Deus
528 2107 601 2152 curn
629 2088 756 2152 homine
784 2107 844 2152 non
872 2107 928 2171 per
951 2088 1089 2170 aliquam
1113 2091 1290 2152 creaturam
1314 2087 1453 2168 loquitur

306 2193 509 2278 corporalem,
530 2193 745 2276 corporalibus
769 2194 947 2278 instrepens
971 2193 1111 2272 auribus,
1130 2198 1168 2258 ut
1189 2195 1272 2259 inter
1291 2198 1449 2258 sonantem
1468 2209 1489 2249 1⁵

307 2303 340 2366 et
363 2300 543 2365 audientem
571 2300 654 2364 aeria
686 2301 789 2382 spatia
822 2301 1035 2374 uerberentur‚
1059 2319 1161 2382 neque
1189 2319 1244 2384 per
1271 2301 1341 2364 eius
1369 2299 1451 2364 modi
1551 2305 1552 2372 i

308 2407 494 2490 spiritalem,
524 2425 604 2489 quae
633 2425 799 2490 corporum
829 2407 1093 2472 similitudinibus
1121 2405 1286 2490 figuratur,
1312 2407 1396 2472 sieut
1422 2406 1449 2468 in
1551 2379 1552 2427 ¹

309 2513 428 2578 somnis
460 2511 514 2576 uel
546 2531 607 2594 quo
641 2513 703 2577 alio
735 2513 792 2577 tali
824 2513 918 2578 modo
946 2511 1031 2598 (nam
1065 2515 1097 2577 et
1124 2513 1171 2577 sic
1198 2513 1290 2578 uelut
1317 2512 1449 2595 corporis

309 2619 439 2683 auribus
476 2620 628 2701 loquitur,
661 2620 735 2700 quia
771 2621 864 2684 uelut
895 2638 950 2702 per
983 2638 1098 2702 corpus
1131 2620 1273 2702 loquitur
1306 2625 1339 2683 et
1366 2619 1449 2682 uelut

308 2725 495 2807 interposito
524 2725 734 2809 corporalium
762 2726 905 2791 locorum
934 2725 1116 2802 interuallo;
1145 2726 1285 2790 multum
1309 2726 1390 2790 enim
1412 2723 1483 2787 siro

310 2831 399 2897 milia
427 2835 502 2898 sunt
528 2833 607 2896 talia
634 2833 705 2896 uisa
733 2833 945 2918 corporibus);
976 2833 1032 2897 sed
1054 2833 1197 2916 loquitur
1217 2833 1289 2914 ipsa
1312 2832 1446 2904 ueritate,
1550 2847 1551 2917 3

311 2938 340 3003 si
372 2939 443 3021 quis
476 2939 519 3003 sit
549 2938 683 3002 idoneus
711 2938 750 3002 ad
778 2939 968 3004 audiendum
997 2943 1113 3018 mente,
1143 2958 1204 3003 non
1233 2957 1371 3022 corpore.
1405 2935 1447 3002 lid

310 3045 392 3110 illud
416 3045 499 3110 enim
523 3045 659 3110 bominis
681 3045 728 3110 ita
749 3045 901 3128 loquitur,
926 3045 1010 3128 quod
1034 3047 1065 3110 in
1089 3045 1218 3111 homine
1242 3047 1367 3124 ceteris,
1389 3043 1448 3127 qui-

311 3153 373 3216 bus
405 3152 500 3218 homo
534 3155 669 3228 constat,
698 3155 748 3217 est
775 3153 901 3232 melius,
930 3157 962 3218 et
991 3172 1052 3236 quo
1081 3153 1150 3235 ipse
1177 3153 1266 3218 Deus
1294 3153 1382 3217 solus
1407 3153 1450 3215 est

312 3258 433 3324 melior.
472 3257 550 3323 Cum
580 3259 661 3323 enim
689 3259 783 3324 homo
811 3259 990 3324 rectissime
1018 3259 1223 3343 intellegatur
1251 3261 1316 3337 uel,
1344 3259 1371 3324 si
1397 3258 1482 3322 hoca
1549 3293 1550 3318 1

312 3384 374 3430 non
398 3367 515 3448 potest,
535 3366 648 3430 saltem
673 3366 818 3430 credatur
840 3367 945 3431 iactus
970 3367 1009 3430 ad
1031 3366 1202 3450 imaginem
1223 3366 1296 3431 Dei:
1320 3365 1448 3449 proiecto
1549 3333 1550 3405 i

315 3490 351 3537 ea
378 3471 428 3536 sui
456 3476 544 3555 parte
573 3475 623 3538 est
650 3473 855 3556 propinquior
882 3473 1038 3556 superiori
1060 3473 1139 3552 Deo,
1169 3491 1232 3555 qua
1260 3475 1388 3557 superat
1411 3471 1449 3534 in·

353 3767 495 3836 letsup.
515 3767 564 3826 lin.
588 3767 615 3822 V
665 3767 937 3838 2quemammodum
960 3768 987 3823 V
1039 3769 1302 3840 iperuenitaeque
1320 3763 1450 3824 odhomi·
1548 3781 1549 3796 ¹

316 3857 482 3926 nemoraq¹
538 3856 709 3912 tlhominem
728 3845 789 3928 xpm
808 3857 974 3924 ieeumVa,·
993 3857 1236 3912 dominumieeam
1255 3845 1368 3928 uptam
1387 3856 1450 3910 hon.
1548 3803 1549 3895 i

317 3946 369 4000 les.
391 3944 487 4000 Chno
576 3947 636 4000 ilat
654 3952 735 4003 orat
808 3945 960 4000 ammodum
979 3951 1005 4000 et
1021 3947 1062 4001 sic
1082 3944 1235 4016 semperV
1334 3947 1367 4001 12
1388 3941 1451 4014 quod

317 4049 402 4089 orae
493 4034 526 4088 15
546 4034 702 4103 corporibus
722 4037 876 4105 strepenet
947 4037 1123 4090 maanteme
1213 4037 1246 4090 l‘l
1266 4033 1451 4106 spiritualema

319 4123 352 4178 18
371 4123 472 4178 somnis
485 4123 716 4188 nsce.,·somniiso
805 4124 869 4192 quo]
890 4109 961 4193 quod
980 4123 1016 4190 V;
1035 4123 1107 4194 quod
1125 4124 1157 4178 in
1174 4139 1231 4180 roa.
1247 4129 1271 4192 ί,-
1290 4123 1409 4196 quolibet
1425 4137 1452 4186 o,·
1547 4143 1548 4178 r

318 4211 409 4281 aliquo
429 4211 452 4264 ei
472 4227 558 4281 quoe
640 4227 701 4266 nam
723 4214 751 4266 et
769 4211 793 4266 si
812 4212 855 4266 cni
874 4212 983 4267 uelato
1068 4230 1130 4268 nam
1142 4253 1219 4270 .....
1229 4213 1352 4283 loquitur
1369 4207 1450 4268 Μ

318 4299 353 4354 23
372 4299 479 4356 illumt
533 4301 567 4353 25
586 4299 788 4355 rectitudiniat
859 4301 1031 4371 intellegitur
1053 4301 1088 4356 V¹
1159 4301 1265 4357 uelutt
