3108 4926
248 429 313 492 284
592 425 619 481 S.
647 423 802 478 Aurelii
830 424 1047 494 Augustini

247 621 348 686 aliena
373 619 542 703 inportune
569 619 618 683 illi
646 637 762 684 conexa
789 617 890 701 adque
919 637 1075 701 suspensa
1102 617 1155 696 sit,
1184 617 1240 682 sed
1267 617 1394 682 omnino

241 730 443 792 ¹consonaret
470 730 632 809 tamquam
662 724 804 792 eiusdem
833 725 974 807 corporis
1001 725 1178 790 membrum
1207 724 1394 789 conuenien-

244 832 368 898 tissime
397 833 554 916 copulata.
592 830 675 910 Quid
705 833 788 898 eninr
817 832 903 897 aliud
931 831 1103 897 ostendunt
1133 832 1189 896 illa
1223 832 1394 897 simulacra

245 939 363 1004 formae
398 941 517 1004 aetates
550 957 643 1006 serus
678 939 807 1004 habitus
842 939 993 1004 deorum?
1030 937 1194 1022 Numquid
1224 938 1393 1004 barbatum

244 1046 366 1124 Iouem,
398 1045 560 1111 inberbem
592 1045 786 1110 Mercurium
822 1048 935 1127 poetae
971 1044 1100 1124 babent,
1132 1042 1300 1128 pontifices
1332 1061 1393 1111 non
1427 1063 1441 1104 a

244 1152 381 1218 babent?
403 1150 569 1234 Numquid
587 1151 700 1232 Priapo
724 1150 825 1227 mimi,
839 1169 906 1218 ,non
931 1150 1026 1216 eham
1050 1151 1231 1216 sacerdotes
1255 1151 1396 1216 enormia

243 1257 390 1340 pudenda
416 1259 579 1322 fecerunt?
616 1257 664 1324 An
694 1257 791 1322 aliter
812 1260 878 1322 stat
904 1256 1081 1324 adorandus
1109 1258 1141 1322 in
1168 1257 1249 1323 locis
1282 1257 1393 1333 sacris,

244 1363 515 1447 quam.·procedit
546 1363 696 1429 ridendus
728 1363 761 1428 in
793 1363 947 1430 theatris?
984 1363 1071 1428 Num
1099 1363 1255 1428 Saturnus
1288 1382 1393 1442 senex,

242 1472 358 1554 Apollo
392 1472 531 1555 ephebus
564 1473 611 1536 ita
641 1490 793 1554 personae
825 1475 900 1536 sunt
932 1471 1134 1550 histrionum,
1164 1473 1202 1536 ut
1233 1490 1296 1536 non
1329 1471 1394 1536 sint

244 1581 369 1645 statuae
397 1578 623 1644 delubrorum?
662 1576 752 1658 Qum
773 1578 940 1656 Forculus,
965 1577 1019 1660 qni
1046 1577 1167 1643 foribus
1195 1581 1331 1661 praeest,
1361 1581 1395 1642 et
1412 1599 1440 1639 ro

242 1687 451 1764 limentinus,
486 1685 541 1769 qui
572 1685 687 1763 limini,
719 1684 750 1748 di
783 1689 859 1750 sunt
891 1684 1036 1762 maseuli,
1070 1684 1171 1766 adque
1212 1685 1297 1749 inter
1333 1685 1392 1749 hos

244 1792 364 1858 Cardea
398 1792 518 1858 femina
556 1800 616 1871 est,
650 1811 728 1875 quae
762 1791 919 1856 cardinem
952 1794 1080 1856 seruat?
1119 1791 1232 1856 Nonne
1264 1791 1330 1858 ista
1360 1791 1394 1854 in

242 1919 347 1964 rernm
375 1899 553 1965 diuinarum
581 1899 672 1964 libris
700 1898 907 1980 reperiuntur,
933 1917 1012 1981 quae
1040 1917 1154 1981 graues
1182 1901 1295 1980 poetae
1324 1897 1393 1962 suis

243 2006 435 2072 carminibus
458 2004 588 2090 indigna
610 2004 786 2070 duxerunt?
809 2004 972 2086 Numquid
990 2004 1092 2068 Diana
1114 2004 1270 2069 theatrica
1287 2007 1395 2086 portat

243 2130 330 2176 arma
362 2114 394 2175 et
426 2112 545 2177 urbana
577 2111 766 2193 simpliciter
796 2110 887 2193 uirgo
921 2113 989 2175 est?
1030 2108 1194 2192 Numquid
1227 2110 1394 2176 scaenicus
1412 2131 1438 2170 rs

242 2217 355 2300 Apollo
385 2217 551 2282 citharista
579 2219 628 2282 est
656 2221 688 2281 et
716 2217 754 2281 ab
782 2217 842 2281 bac
874 2218 941 2281 arte
968 2216 1145 2298 Delphicus
1176 2219 1291 2281 uacat?
1330 2215 1395 2283 Sed

241 2324 319 2389 haec
355 2324 536 2389 honestiora
573 2326 648 2388 sunt
683 2325 716 2387 in
754 2323 974 2406 conparatione
1005 2323 1192 2404 turpiorum.
1236 2321 1322 2401 Quid
1353 2323 1393 2390 de

241 2431 311 2514 ipso
339 2431 415 2496 Ioue
449 2434 627 2509 senserunt,
656 2431 710 2513 qui
743 2431 810 2495 eius
841 2431 996 2495 nutricem
1028 2430 1060 2494 in
1090 2429 1245 2512 Capitolio
1276 2449 1393 2512 posue-

241 2540 335 2602 runt?
373 2536 483 2603 Nonne
513 2538 663 2602 adtestati
696 2542 771 2602 sunt
797 2539 961 2614 Euemero,
986 2538 1041 2619 qui
1069 2556 1176 2602 omnes
1204 2538 1286 2601 tales
1315 2536 1393 2602 deos

240 2663 302 2709 non
321 2644 468 2710 fabulosa
486 2645 682 2730 garrulitate,
698 2645 755 2710 sed
774 2645 924 2710 historica
943 2645 1108 2728 diligentia
1125 2644 1269 2709 homines
1288 2643 1392 2709 fuisse
1411 2663 1439 2703 so

239 2751 454 2834 mortalesque
478 2751 687 2834 conscripsit?
710 2751 869 2833 Epulones
894 2750 989 2814 etiam
1009 2749 1095 2826 deos,
1114 2751 1270 2832 parasitos
1290 2751 1391 2826 louis,

240 2857 280 2922 ad
309 2857 377 2922 eius
406 2877 550 2922 mensam
580 2857 634 2939 qui
663 2858 904 2934 constituerunt,
928 2856 1005 2939 quid
1032 2855 1119 2920 aliud
1142 2875 1238 2938 qnam
1261 2856 1391 2922 mimica

240 2983 329 3029 sacra
367 2983 437 3028 esse
474 2965 666 3028 uoluerunt?
703 2963 784 3028 Nam
817 2962 973 3044 parasitos
1005 2963 1094 3027 Ionis
1131 2962 1171 3026 ad
1202 2963 1390 3029 conuiuium

241 3072 309 3135 eius
334 3071 493 3135 adhibitos
519 3071 546 3134 si
569 3069 687 3133 mimus
712 3069 852 3146 dixisset,
872 3069 982 3151 utique
1000 3069 1100 3133 risum
1119 3069 1282 3150 quaesisse
1302 3071 1391 3135 nide-

238 3181 337 3243 retur.
361 3178 458 3242 Varro
483 3177 574 3240 dixit!
599 3195 660 3241 non
685 3195 757 3240 cunr
780 3176 931 3240 inrideret
955 3175 1040 3252 deos,
1061 3173 1118 3239 sed
1137 3193 1209 3239 cum
1230 3195 1390 3241 commen·
1409 3195 1436 3236 rs

240 3285 328 3350 daret
354 3285 414 3348 hoc
443 3283 534 3359 dirit3
564 3283 753 3360 diuinarum,
777 3301 837 3346 non
866 3283 1075 3346 humanarum
1101 3301 1206 3346 rerum
1228 3281 1303 3347 libri
1327 3283 1388 3348 hoc

240 3411 309 3455 eum
338 3391 505 3473 scripsisse
532 3392 699 3465 testantur,
724 3407 780 3452 nee
809 3389 864 3452 ubi
891 3389 984 3452 ludos
1013 3387 1174 3453 scaenicos
1202 3390 1387 3472 exponebat,

240 3497 374 3562 sedebi
398 3495 576 3579 Capitolina
599 3497 668 3560 iura
691 3495 856 3579 pandebat.
881 3495 1024 3577 Denique
1049 3495 1167 3560 talibus
1191 3496 1333 3562 uincitur
1356 3500 1388 3562 et

273 3799 290 3853 9
310 3797 447 3868 ephoebus
469 3798 572 3851 Uada
653 3798 684 3852 10
704 3800 796 3852 statua
817 3798 850 3852 0¹
934 3798 966 3850 12
987 3795 1091 3851 Cardea
1111 3797 1385 3867 C²b²elpqn²lc05

238 3887 363 3940 cardineo
382 3887 454 3954 ub¹,·
479 3903 576 3940 carnea
597 3886 698 3940 0¹ua¹
711 3891 735 3951 f
838 3889 929 3940 seruat
948 3887 1025 3940 codd.
1046 3893 1155 3956 excepto
1176 3887 1205 3950 C,
1224 3889 1275 3956 qui
1292 3894 1386 3944 uersat

237 3975 320 4030 babet
388 3977 420 4030 13
440 3977 630 4045 repperiuntur
651 3975 693 4030 Ol
756 3978 789 4030 16
809 3977 978 4030 chitaristai
1042 3977 1075 4030 19
1094 3976 1226 4030 Euemero
1248 3977 1387 4046 Oudai,-

237 4064 354 4128 bomnm,
372 4064 408 4117 ho
427 4081 461 4118 rc.
477 4069 497 4118 2
514 4065 546 4117 a'n
563 4082 630 4130 rua,
644 4065 673 4134 b,·
692 4064 725 4118 ab
746 4081 869 4119 enomere
885 4083 905 4137 p
912 4085 922 4132 ,·
939 4065 1090 4120 Euhemero
1108 4083 1125 4120 v
1142 4066 1242 4120 Domb.
1313 4067 1386 4122 tales

237 4169 322 4207 ome
396 4155 431 4208 20
450 4155 550 4208 storica
570 4155 590 4208 l1
678 4153 821 4224 diligentia
839 4171 889 4210 oua
910 4154 938 4208 b¹
1010 4157 1044 4210 23
1064 4154 1099 4208 ad
1117 4157 1175 4210 eius
1194 4157 1350 4210 conuiuium
1369 4173 1386 4211 c

237 4243 273 4296 24
290 4243 372 4296 risum
391 4244 485 4312 utique
503 4260 537 4300 c,
574 4245 608 4298 28
632 4245 781 4314 capitolina
802 4245 825 4300 0
876 4244 978 4298 talibus
1000 4243 1024 4298 C
1033 4245 1068 4312 lp
1080 4263 1097 4295 α
1115 4243 1228 4310 Donab.;
1246 4261 1262 4298 a
1280 4244 1384 4300 talibus

238 4330 414 4400 abeqbfv
