3164 4932
377 451 428 506 De
457 452 631 506 ciuitate
659 451 721 506 dei
747 450 812 508 lib.
836 451 898 508 XII.
928 467 1003 521 cap.
1026 451 1070 505 21.
1231 454 1294 518 605

146 650 231 713 facta
254 646 317 712 sint
336 666 393 712 nec
416 650 522 711 tamen
547 665 690 711 ararum
716 646 823 712 ordine
846 647 948 713 aliena
972 646 1045 711 siut.
1075 646 1167 711 Etsi
1190 648 1295 730 potuit

148 755 253 819 anima
283 773 339 838 per
370 753 603 836 inprudentiam
636 753 738 818 facero
771 755 834 818 sibi
866 773 980 820 nouam
1014 753 1185 828 miseriam,
1214 771 1294 837 quae

148 881 208 926 non
238 863 323 926 asset
350 860 513 944 inprouisa
541 861 666 924 diuinae
694 860 922 942 prouidentiae,
952 865 988 926 ut
1010 861 1090 924 bauo
1115 879 1240 944 quoque
1264 861 1295 924 in

147 987 252 1033 rerum
281 967 388 1032 ordine
415 966 592 1032 includeret
614 959 652 1032 'et
675 968 713 1033 ab
737 967 796 1031 hac
820 987 887 1032 eam
911 987 973 1033 nou
996 968 1162 1051 inprouida
1183 968 1295 1034 libera·

114 1099 126 1137 ⁵
146 1077 208 1138 ret:
234 1093 295 1157 qua
319 1074 444 1138 tandem
466 1074 644 1139 temeritato
663 1073 817 1138 humanae
835 1073 987 1138 uanitatis
1006 1075 1161 1140 audemus
1181 1093 1295 1159 negare

148 1181 349 1246 diuinitatem
386 1181 489 1246 facere
526 1199 620 1264 posse
652 1199 713 1259 res,
746 1200 808 1245 non
841 1181 912 1260 sibi,
946 1181 1003 1247 sed
1034 1183 1151 1248 mundo
1184 1201 1294 1256 nouas,

148 1307 227 1370 quas
259 1307 361 1370 neque
394 1291 483 1352 autea
516 1288 628 1352 fecerit
659 1307 715 1353 nec
744 1307 894 1371 umquam
923 1287 1070 1354 habuerit
1095 1289 1294 1370 inprouisas?

147 1396 182 1461 Si
215 1399 321 1460 autem
355 1395 465 1460 dicunt
496 1395 645 1460 liberatas
676 1394 803 1476 quidem
832 1395 952 1460 animas
980 1394 1018 1460 ad
1047 1395 1206 1460 miseriam
1233 1413 1294 1458 non

145 1520 339 1580 reuersuras,
364 1502 420 1566 sed
444 1520 516 1566 cum
541 1501 602 1566 hoc
626 1501 661 1565 fit
683 1502 714 1565 in
738 1501 833 1568 rebus
857 1502 936 1565 nihil
954 1504 1029 1566 noui
1048 1502 1125 1580 fieri,
1146 1502 1294 1584 quoniam

101 1631 127 1670 ιο
147 1627 272 1692 semper
295 1609 374 1674 aliae
399 1608 500 1689 adque
525 1607 604 1673 aliae
627 1607 778 1672 liberatae
798 1611 873 1672 suut
892 1612 923 1673 et
941 1608 1115 1672 liberantur
1134 1612 1166 1673 et
1183 1608 1295 1672 libera-

145 1716 277 1779 buntur:
307 1715 367 1778 hoc
395 1717 479 1778 certe
508 1713 694 1792 concedunt,
724 1715 751 1780 si
778 1715 824 1778 ita
852 1717 911 1792 est,
940 1733 1039 1780 nouas
1068 1714 1188 1778 animas
1216 1715 1293 1794 lieri,

146 1822 263 1904 quibus
288 1820 331 1885 sit
354 1823 385 1884 et
408 1839 491 1884 noua
514 1820 642 1886 miseria
664 1823 696 1884 et
719 1839 801 1884 noua
820 1821 975 1886 liberatio.
998 1820 1080 1886 Nam
1100 1821 1128 1886 sl
1148 1820 1293 1904 antiquas

146 1947 199 1992 eas
224 1947 294 1994 osse
318 1929 429 1994 dicunt
453 1932 485 1992 et
511 1932 682 1994 retrorsum
711 1928 930 2010 sempiternae,
959 1947 994 1993 ex
1024 1929 1139 2012 quibus
1162 1929 1294 1995 cottidie

145 2035 221 2099 noui
248 2035 326 2100 fiant
353 2035 508 2114 homines,
538 2035 575 2099 de
600 2055 735 2119 quorum
759 2035 953 2117 corporibus,
978 2036 1005 2100 si
1029 2037 1188 2118 sapienter
1210 2036 1294 2102 uire-

101 2141 218 2220 erint,
254 2141 300 2206 ita
336 2141 518 2220 liberentur,
551 2145 588 2206 ut
624 2160 796 2224 numquam
829 2140 868 2205 ad
901 2143 1044 2206 miserias
1077 2143 1293 2216 reuoluantur,

146 2251 373 2331 cousequenter
391 2248 508 2313 dicturi
526 2252 601 2313 sunt
616 2248 765 2314 infinitas.
787 2245 1013 2326 Quantuslibet
1031 2267 1166 2330 namque
1184 2248 1293 2314 finitus

144 2373 295 2419 uumerus
332 2355 448 2420 fuisset
483 2355 668 2432 animarum,
699 2354 831 2419 infinitis
862 2359 944 2420 retro
978 2355 1115 2420 saeculis
1149 2355 1293 2420 sulficere

145 2479 207 2525 uon
231 2462 362 2539 ualeret,
386 2464 425 2525 ut
447 2481 482 2525 er
505 2461 561 2526 illo
586 2481 711 2545 sempor
732 2461 876 2525 homines
895 2460 1013 2538 fierent,
1034 2479 1167 2542 quorum
1188 2466 1295 2527 esseut

145 2567 268 2631 animae
301 2569 339 2631 ab
372 2568 435 2632 ista
463 2587 588 2651 semper
614 2567 807 2632 mortalitate
834 2568 1024 2643 liberandae,
1054 2587 1225 2649 numquam
1254 2567 1292 2632 ad

101 2701 126 2740 eo
146 2692 215 2738 eanr
241 2673 389 2757 deinceps
408 2674 575 2738 rediturae.
600 2673 668 2739 Neo
686 2675 753 2739 ullo
774 2675 867 2739 modo
888 2675 1097 2758 explicabunt,
1117 2693 1179 2758 quo
1197 2674 1292 2740 modo

144 2779 176 2843 in
205 2779 310 2856 rebus,
337 2799 425 2862 quas,
449 2783 487 2843 ut
510 2781 576 2846 Deo
606 2783 698 2846 notae
723 2800 793 2846 esse
815 2780 949 2864 possint,
973 2779 1077 2844 finitas
1101 2781 1224 2858 uolunt,
1249 2780 1292 2844 in·

142 2885 253 2950 finitus
278 2887 321 2951 sit
343 2907 493 2951 numerus
518 2887 702 2954 animarum.

191 2991 389 3076 Quapropter
417 2993 564 3076 quoniam
589 2994 741 3059 circuitus
765 2994 813 3058 illi
836 2994 899 3058 iam
924 2993 1043 3076 explosi
1067 2997 1152 3074 eunt,
1176 2995 1291 3077 quibus

145 3100 185 3164 ad
209 3099 335 3164 easdem
359 3099 503 3164 miserias
522 3102 700 3166 necessario
719 3100 890 3184 putabatur
913 3101 1016 3165 anima
1034 3101 1186 3165 reditura:
1217 3102 1292 3183 quid

99 3235 125 3275 2⁵
142 3209 244 3271 restat
263 3205 503 3271 conuenientius
526 3207 638 3290 pietati
662 3227 756 3289 quarn
780 3207 905 3271 credere
928 3227 988 3272 non
1014 3227 1084 3272 esse
1107 3207 1292 3290 inpossibile

142 3313 211 3378 Deo
232 3316 264 3376 et
283 3333 328 3389 ea,
345 3332 424 3394 quae
444 3332 617 3395 numquam
636 3297 757 3388 lecerit,
773 3333 857 3380 noua
874 3314 978 3378 facere
994 3318 1026 3378 et
1039 3313 1191 3378 ineffabili
1205 3333 1293 3395 prae-

143 3420 278 3484 scientia
297 3421 495 3484 uoluntatem
514 3419 700 3485 mutabilem
720 3439 781 3484 uon
797 3421 933 3484 habero?
952 3421 1048 3485 Porro
1064 3423 1170 3484 autem
1185 3423 1290 3486 utrum

144 3527 320 3590 animarum
353 3525 558 3590 liberatarum
590 3545 647 3590 nec
676 3526 810 3590 ulterius
839 3527 878 3591 ad
905 3527 1050 3591 miserias
1082 3527 1291 3591 rediturarum

141 3650 293 3697 uumerus
316 3632 420 3714 possit
443 3651 568 3714 semper
588 3632 706 3716 augeri,
731 3631 792 3716 ipsi
816 3631 965 3708 uiderint,
990 3633 1045 3716 qui
1065 3631 1103 3697 de
1122 3647 1227 3697 rerum
1246 3633 1291 3696 iu-

180 3920 193 3972 l
215 3921 279 3972 sunt
294 3923 304 3972 t
359 3919 375 3970 2
394 3917 483 3972 facere
502 3936 550 3988 per
568 3917 711 3988 impruda
765 3921 782 3972 4
801 3917 894 3972 ordine
912 3934 998 3986 easque
1017 3917 1056 3971 ad
1073 3934 1132 3972 eam
1147 3935 1199 3972 uon
1214 3936 1265 3974 ona.
1281 3925 1291 3973 1

142 4023 202 4060 eam
221 4022 254 4060 ex
273 4006 343 4060 enirn
363 4023 432 4060 corr.
452 4007 478 4059 V
546 4006 689 4076 inprouida
708 4007 734 4059 V
785 4007 954 4060 5uanitast
1008 4007 1291 4061 danimasliberatae

142 4095 253 4164 quidem
269 4113 288 4164 p
361 4095 517 4150 miseriasa
574 4098 604 4150 11
626 4095 829 4150 concedantar>
884 4097 916 4150 13
937 4095 1031 4150 dicunt
1049 4112 1136 4150 essoc
1192 4098 1225 4150 14
1245 4096 1289 4166 do]

141 4183 223 4238 sede
295 4184 328 4238 de
348 4186 472 4254 quorum]
493 4185 650 4239 decorumt
723 4185 755 4239 18
776 4186 872 4239 fierent
889 4186 1046 4239 hominesv
1118 4186 1150 4238 21
1172 4201 1231 4239 exse
1255 4186 1290 4239 V¹

140 4276 257 4343 possunt
279 4273 306 4326 V
378 4275 413 4327 24
432 4277 544 4344 putatur
568 4274 594 4326 V
664 4276 698 4329 25
718 4274 916 4330 conueniensb
989 4275 1023 4328 29
1043 4289 1148 4343 semper
1167 4291 1217 4328 cm.
1244 4275 1290 4341 V¹,·

140 4367 293 4430 temporat
