<?xml version="1.0" encoding="UTF-8"?>
<!DOCTYPE html PUBLIC "-//W3C//DTD XHTML 1.0 Transitional//EN"
    "http://www.w3.org/TR/xhtml1/DTD/xhtml1-transitional.dtd">
<html xmlns="http://www.w3.org/1999/xhtml" xml:lang="en" lang="en">
 <head>
  <title>
</title>
<meta http-equiv="Content-Type" content="text/html;charset=utf-8" />
  <meta name='ocr-system' content='tesseract 3.04.00' />
  <meta name='ocr-capabilities' content='ocr_page ocr_carea ocr_par ocr_line ocrx_word'/>
</head>
<body>
  <div class='ocr_page' id='page_1' title='image "./corpusscriptoru20wiengoog_0154.png"; bbox 0 0 3072 4928; ppageno 0'>
   <div class='ocr_carea' id='block_1_1' title="bbox 386 410 1302 483">
    <p class='ocr_par' dir='ltr' id='par_1_1' title="bbox 386 410 1302 483">
     <span class='ocr_line' id='line_1_1' title="bbox 386 410 1302 483; baseline 0.009 -19"><span class='ocrx_word' id='word_1_1' title='bbox 386 410 436 464; x_wconf 86' lang='lat' dir='ltr'>De</span> <span class='ocrx_word' id='word_1_2' title='bbox 466 411 640 466; x_wconf 87' lang='lat' dir='ltr'>ciuitate</span> <span class='ocrx_word' id='word_1_3' title='bbox 669 411 732 465; x_wconf 87' lang='lat' dir='ltr'>dei</span> <span class='ocrx_word' id='word_1_4' title='bbox 759 411 825 468; x_wconf 93' lang='lat' dir='ltr'>lib.</span> <span class='ocrx_word' id='word_1_5' title='bbox 853 411 903 466; x_wconf 90' lang='grc'>111,</span> <span class='ocrx_word' id='word_1_6' title='bbox 931 429 1006 483; x_wconf 87' lang='lat' dir='ltr'>cap.</span> <span class='ocrx_word' id='word_1_7' title='bbox 1028 414 1068 468; x_wconf 77' lang='lat'>12.</span> <span class='ocrx_word' id='word_1_8' title='bbox 1240 417 1302 480; x_wconf 84' lang='grc'>123</span> 
     </span>
    </p>
   </div>
   <div class='ocr_carea' id='block_1_2' title="bbox 105 603 1307 3252">
    <p class='ocr_par' dir='ltr' id='par_1_2' title="bbox 105 603 1307 3252">
     <span class='ocr_line' id='line_1_2' title="bbox 148 603 1304 684; baseline 0.003 -16"><span class='ocrx_word' id='word_1_9' title='bbox 148 603 243 684; x_wconf 82' lang='lat' dir='ltr'>Quae</span> <span class='ocrx_word' id='word_1_10' title='bbox 270 607 376 670; x_wconf 87' lang='lat' dir='ltr'>tamen</span> <span class='ocrx_word' id='word_1_11' title='bbox 400 607 428 671; x_wconf 86' lang='lat' dir='ltr'>si</span> <span class='ocrx_word' id='word_1_12' title='bbox 452 607 593 672; x_wconf 89' lang='lat' dir='ltr'>omnium</span> <span class='ocrx_word' id='word_1_13' title='bbox 617 607 746 672; x_wconf 86' lang='lat' dir='ltr'>deorum</span> <span class='ocrx_word' id='word_1_14' title='bbox 772 609 872 672; x_wconf 87' lang='lat' dir='ltr'>mater</span> <span class='ocrx_word' id='word_1_15' title='bbox 896 609 953 684; x_wconf 93' lang='lat' dir='ltr'>est,</span> <span class='ocrx_word' id='word_1_16' title='bbox 978 626 1039 672; x_wconf 93' lang='lat' dir='ltr'>non</span> <span class='ocrx_word' id='word_1_17' title='bbox 1064 607 1168 674; x_wconf 90' lang='lat' dir='ltr'>solum</span> <span class='ocrx_word' id='word_1_18' title='bbox 1193 613 1304 674; x_wconf 87' lang='lat' dir='ltr'>secuta</span> 
     </span>
     <span class='ocr_line' id='line_1_3' title="bbox 148 711 1305 798; baseline 0.003 -22"><span class='ocrx_word' id='word_1_19' title='bbox 148 713 202 776; x_wconf 87' lang='lat' dir='ltr'>est</span> <span class='ocrx_word' id='word_1_20' title='bbox 230 711 365 778; x_wconf 87' lang='lat' dir='ltr'><strong>Romam</strong></span> <span class='ocrx_word' id='word_1_21' title='bbox 393 712 548 794; x_wconf 87' lang='lat' dir='ltr'>quosdam</span> <span class='ocrx_word' id='word_1_22' title='bbox 574 713 658 780; x_wconf 88' lang='lat' dir='ltr'>filios</span> <span class='ocrx_word' id='word_1_23' title='bbox 692 732 778 791; x_wconf 87' lang='lat' dir='ltr'>suos,</span> <span class='ocrx_word' id='word_1_24' title='bbox 807 733 920 778; x_wconf 89' lang='lat' dir='ltr'>uerum</span> <span class='ocrx_word' id='word_1_25' title='bbox 953 717 985 779; x_wconf 89' lang='lat' dir='ltr'>et</span> <span class='ocrx_word' id='word_1_26' title='bbox 1017 713 1097 780; x_wconf 87' lang='lat' dir='ltr'>alios</span> <span class='ocrx_word' id='word_1_27' title='bbox 1130 716 1305 798; x_wconf 77' lang='lat' dir='ltr'><strong>praecessit</strong></span> 
     </span>
     <span class='ocr_line' id='line_1_4' title="bbox 148 817 1302 906; baseline 0.003 -24"><span class='ocrx_word' id='word_1_28' title='bbox 148 817 251 884; x_wconf 89' lang='lat' dir='ltr'>etiam</span> <span class='ocrx_word' id='word_1_29' title='bbox 280 822 457 885; x_wconf 87' lang='lat' dir='ltr'>secuturos.</span> <span class='ocrx_word' id='word_1_30' title='bbox 495 820 595 886; x_wconf 84' lang='lat' dir='ltr'>Miror</span> <span class='ocrx_word' id='word_1_31' title='bbox 621 840 707 898; x_wconf 87' lang='lat' dir='ltr'>sane,</span> <span class='ocrx_word' id='word_1_32' title='bbox 737 821 763 886; x_wconf 89' lang='lat' dir='ltr'>si</span> <span class='ocrx_word' id='word_1_33' title='bbox 790 820 860 903; x_wconf 92' lang='lat' dir='ltr'>ipsa</span> <span class='ocrx_word' id='word_1_34' title='bbox 887 821 1008 905; x_wconf 80' lang='lat' dir='ltr'>peperit</span> <span class='ocrx_word' id='word_1_35' title='bbox 1037 820 1302 906; x_wconf 74' lang='lat' dir='ltr'>Cynocephalum</span> 
     </span>
     <span class='ocr_line' id='line_1_5' title="bbox 147 925 1303 1012; baseline 0.002 -22"><span class='ocrx_word' id='word_1_36' title='bbox 147 925 205 1007; x_wconf 80' lang='lat' dir='ltr'>qni</span> <span class='ocrx_word' id='word_1_37' title='bbox 231 925 327 1010; x_wconf 90' lang='lat' dir='ltr'>longe</span> <span class='ocrx_word' id='word_1_38' title='bbox 351 929 462 1009; x_wconf 90' lang='lat' dir='ltr'>postea</span> <span class='ocrx_word' id='word_1_39' title='bbox 484 927 573 991; x_wconf 89' lang='lat' dir='ltr'>uenit</span> <span class='ocrx_word' id='word_1_40' title='bbox 597 945 633 992; x_wconf 84' lang='lat' dir='ltr'>er</span> <span class='ocrx_word' id='word_1_41' title='bbox 655 928 812 1012; x_wconf 84' lang='lat' dir='ltr'>Aegypto.</span> <span class='ocrx_word' id='word_1_42' title='bbox 850 927 965 994; x_wconf 80' lang='lat' dir='ltr'><strong>Utrum</strong></span> <span class='ocrx_word' id='word_1_43' title='bbox 991 928 1087 994; x_wconf 87' lang='lat' dir='ltr'>etiarn</span> <span class='ocrx_word' id='word_1_44' title='bbox 1111 927 1170 992; x_wconf 88' lang='lat' dir='ltr'>dea</span> <span class='ocrx_word' id='word_1_45' title='bbox 1192 929 1303 993; x_wconf 79' lang='lat' dir='ltr'>Febris</span> 
     </span>
     <span class='ocr_line' id='line_1_6' title="bbox 111 1032 1305 1118; baseline 0.007 -27"><span class='ocrx_word' id='word_1_46' title='bbox 111 1057 121 1089; x_wconf 65' lang='lat' dir='ltr'>s</span> <span class='ocrx_word' id='word_1_47' title='bbox 147 1051 185 1095; x_wconf 85' lang='lat' dir='ltr'>er</span> <span class='ocrx_word' id='word_1_48' title='bbox 212 1032 271 1096; x_wconf 89' lang='lat' dir='ltr'>illa</span> <span class='ocrx_word' id='word_1_49' title='bbox 294 1036 368 1098; x_wconf 91' lang='lat' dir='ltr'>nata</span> <span class='ocrx_word' id='word_1_50' title='bbox 391 1033 444 1110; x_wconf 88' lang='lat' dir='ltr'>sit,</span> <span class='ocrx_word' id='word_1_51' title='bbox 465 1033 582 1098; x_wconf 91' lang='lat' dir='ltr'>uiderit</span> <span class='ocrx_word' id='word_1_52' title='bbox 603 1033 814 1118; x_wconf 77' lang='lat' dir='ltr'>Aesculapius</span> <span class='ocrx_word' id='word_1_53' title='bbox 839 1053 995 1118; x_wconf 91' lang='lat' dir='ltr'>pronepos</span> <span class='ocrx_word' id='word_1_54' title='bbox 1019 1033 1102 1110; x_wconf 79' lang='lat' dir='ltr'>eius3</span> <span class='ocrx_word' id='word_1_55' title='bbox 1128 1034 1183 1098; x_wconf 87' lang='lat' dir='ltr'>sed</span> <span class='ocrx_word' id='word_1_56' title='bbox 1206 1033 1305 1100; x_wconf 91' lang='lat' dir='ltr'>unde·</span> 
     </span>
     <span class='ocr_line' id='line_1_7' title="bbox 149 1140 1301 1226; baseline 0 -22"><span class='ocrx_word' id='word_1_57' title='bbox 149 1159 293 1222; x_wconf 88' lang='lat' dir='ltr'>cumque</span> <span class='ocrx_word' id='word_1_58' title='bbox 318 1143 391 1204; x_wconf 87' lang='lat' dir='ltr'>nata</span> <span class='ocrx_word' id='word_1_59' title='bbox 415 1140 467 1216; x_wconf 90' lang='lat' dir='ltr'>sit,</span> <span class='ocrx_word' id='word_1_60' title='bbox 491 1161 563 1218; x_wconf 88' lang='lat' dir='ltr'>non,</span> <span class='ocrx_word' id='word_1_61' title='bbox 584 1141 703 1224; x_wconf 81' lang='lat' dir='ltr'>opinor,</span> <span class='ocrx_word' id='word_1_62' title='bbox 724 1141 886 1206; x_wconf 89' lang='lat' dir='ltr'>audebunt</span> <span class='ocrx_word' id='word_1_63' title='bbox 910 1160 978 1205; x_wconf 88' lang='lat' dir='ltr'>eam</span> <span class='ocrx_word' id='word_1_64' title='bbox 1003 1141 1106 1206; x_wconf 89' lang='lat' dir='ltr'>dicere</span> <span class='ocrx_word' id='word_1_65' title='bbox 1130 1141 1301 1226; x_wconf 89' lang='lat' dir='ltr'>ignobilem</span> 
     </span>
     <span class='ocr_line' id='line_1_8' title="bbox 148 1245 1303 1330; baseline 0.002 -21"><span class='ocrx_word' id='word_1_66' title='bbox 148 1245 181 1310; x_wconf 92' lang='lat' dir='ltr'>di</span> <span class='ocrx_word' id='word_1_67' title='bbox 215 1247 375 1330; x_wconf 88' lang='lat' dir='ltr'>peregrini</span> <span class='ocrx_word' id='word_1_68' title='bbox 409 1247 499 1311; x_wconf 91' lang='lat' dir='ltr'>deam</span> <span class='ocrx_word' id='word_1_69' title='bbox 533 1247 634 1312; x_wconf 93' lang='lat' dir='ltr'>ciuem</span> <span class='ocrx_word' id='word_1_70' title='bbox 667 1246 851 1311; x_wconf 88' lang='lat' dir='ltr'>Romanam.</span> <span class='ocrx_word' id='word_1_71' title='bbox 899 1245 964 1312; x_wconf 87' lang='lat' dir='ltr'>Sub</span> <span class='ocrx_word' id='word_1_72' title='bbox 998 1247 1058 1312; x_wconf 89' lang='lat' dir='ltr'>hoc</span> <span class='ocrx_word' id='word_1_73' title='bbox 1091 1251 1140 1312; x_wconf 90' lang='lat' dir='ltr'>tot</span> <span class='ocrx_word' id='word_1_74' title='bbox 1173 1247 1303 1313; x_wconf 92' lang='lat' dir='ltr'>deorum</span> 
     </span>
     <span class='ocr_line' id='line_1_9' title="bbox 148 1351 1304 1440; baseline 0 -22"><span class='ocrx_word' id='word_1_75' title='bbox 148 1353 312 1438; x_wconf 88' lang='lat' dir='ltr'>praesidio</span> <span class='ocrx_word' id='word_1_76' title='bbox 332 1351 427 1440; x_wconf 89' lang='lat' dir='ltr'>(quos</span> <span class='ocrx_word' id='word_1_77' title='bbox 449 1373 613 1418; x_wconf 90' lang='lat' dir='ltr'>numerare</span> <span class='ocrx_word' id='word_1_78' title='bbox 636 1354 708 1438; x_wconf 86' lang='lat' dir='ltr'>quis</span> <span class='ocrx_word' id='word_1_79' title='bbox 731 1355 847 1437; x_wconf 86' lang='lat' dir='ltr'>potest,</span> <span class='ocrx_word' id='word_1_80' title='bbox 867 1353 1031 1438; x_wconf 89' lang='lat' dir='ltr'>indigenas</span> <span class='ocrx_word' id='word_1_81' title='bbox 1051 1357 1083 1419; x_wconf 89' lang='lat' dir='ltr'>et</span> <span class='ocrx_word' id='word_1_82' title='bbox 1101 1353 1304 1438; x_wconf 68' lang='lat' dir='ltr'>alienigenae,</span> 
     </span>
     <span class='ocr_line' id='line_1_10' title="bbox 149 1459 1305 1541; baseline 0.001 -17"><span class='ocrx_word' id='word_1_83' title='bbox 149 1459 285 1524; x_wconf 87' lang='lat' dir='ltr'>caelites</span> <span class='ocrx_word' id='word_1_84' title='bbox 312 1463 476 1524; x_wconf 81' lang='lat' dir='ltr'>terrestres</span> <span class='ocrx_word' id='word_1_85' title='bbox 508 1460 657 1539; x_wconf 83' lang='lat' dir='ltr'>infernos,</span> <span class='ocrx_word' id='word_1_86' title='bbox 687 1459 824 1526; x_wconf 90' lang='lat' dir='ltr'>marinos</span> <span class='ocrx_word' id='word_1_87' title='bbox 852 1461 997 1526; x_wconf 87' lang='lat' dir='ltr'>fontanos</span> <span class='ocrx_word' id='word_1_88' title='bbox 1020 1461 1178 1541; x_wconf 88' lang='lat' dir='ltr'>fluuiales,</span> <span class='ocrx_word' id='word_1_89' title='bbox 1202 1463 1243 1539; x_wconf 88' lang='lat' dir='ltr'>et,</span> <span class='ocrx_word' id='word_1_90' title='bbox 1268 1463 1305 1525; x_wconf 92' lang='lat' dir='ltr'>ut</span> 
     </span>
     <span class='ocr_line' id='line_1_11' title="bbox 105 1564 1303 1652; baseline -0.004 -17"><span class='ocrx_word' id='word_1_91' title='bbox 105 1598 128 1635; x_wconf 85' lang='lat' dir='ltr'>lo</span> <span class='ocrx_word' id='word_1_92' title='bbox 149 1565 253 1631; x_wconf 86' lang='lat' dir='ltr'>Varro</span> <span class='ocrx_word' id='word_1_93' title='bbox 283 1565 370 1642; x_wconf 85' lang='lat' dir='ltr'>dioit,</span> <span class='ocrx_word' id='word_1_94' title='bbox 399 1568 502 1632; x_wconf 87' lang='lat' dir='ltr'>certos</span> <span class='ocrx_word' id='word_1_95' title='bbox 531 1564 633 1648; x_wconf 91' lang='lat' dir='ltr'>adque</span> <span class='ocrx_word' id='word_1_96' title='bbox 660 1566 807 1643; x_wconf 87' lang='lat' dir='ltr'>incertos,</span> <span class='ocrx_word' id='word_1_97' title='bbox 831 1565 862 1630; x_wconf 92' lang='lat' dir='ltr'>in</span> <span class='ocrx_word' id='word_1_98' title='bbox 892 1567 1102 1648; x_wconf 88' lang='lat' dir='ltr'>omnibusque</span> <span class='ocrx_word' id='word_1_99' title='bbox 1136 1568 1303 1652; x_wconf 88' lang='lat' dir='ltr'>generibus</span> 
     </span>
     <span class='ocr_line' id='line_1_12' title="bbox 151 1671 1305 1760; baseline 0 -23"><span class='ocrx_word' id='word_1_100' title='bbox 151 1673 298 1750; x_wconf 89' lang='lat' dir='ltr'>deorum,</span> <span class='ocrx_word' id='word_1_101' title='bbox 323 1673 408 1737; x_wconf 88' lang='lat' dir='ltr'>sient</span> <span class='ocrx_word' id='word_1_102' title='bbox 434 1672 465 1736; x_wconf 93' lang='lat' dir='ltr'>in</span> <span class='ocrx_word' id='word_1_103' title='bbox 490 1671 691 1750; x_wconf 86' lang='lat' dir='ltr'>animalibus,</span> <span class='ocrx_word' id='word_1_104' title='bbox 715 1691 818 1736; x_wconf 84' lang='lat' dir='ltr'>mares</span> <span class='ocrx_word' id='word_1_105' title='bbox 843 1675 876 1737; x_wconf 89' lang='lat' dir='ltr'>et</span> <span class='ocrx_word' id='word_1_106' title='bbox 898 1672 1068 1760; x_wconf 71' lang='lat' dir='ltr'>feminast)</span> <span class='ocrx_word' id='word_1_107' title='bbox 1093 1710 1137 1721; x_wconf 91' lang='lat'><em>-</em></span> <span class='ocrx_word' id='word_1_108' title='bbox 1160 1673 1220 1738; x_wconf 92' lang='lat' dir='ltr'>sub</span> <span class='ocrx_word' id='word_1_109' title='bbox 1244 1673 1305 1738; x_wconf 90' lang='lat' dir='ltr'>hoc</span> 
     </span>
     <span class='ocr_line' id='line_1_13' title="bbox 151 1777 1305 1865; baseline -0.002 -21"><span class='ocrx_word' id='word_1_110' title='bbox 151 1799 228 1865; x_wconf 90' lang='lat' dir='ltr'>ergo</span> <span class='ocrx_word' id='word_1_111' title='bbox 259 1782 310 1843; x_wconf 91' lang='lat' dir='ltr'>tot</span> <span class='ocrx_word' id='word_1_112' title='bbox 337 1780 467 1845; x_wconf 90' lang='lat' dir='ltr'>deorum</span> <span class='ocrx_word' id='word_1_113' title='bbox 496 1777 653 1860; x_wconf 89' lang='lat' dir='ltr'>praesidio</span> <span class='ocrx_word' id='word_1_114' title='bbox 683 1779 858 1843; x_wconf 84' lang='lat' dir='ltr'>constituta</span> <span class='ocrx_word' id='word_1_115' title='bbox 880 1779 980 1844; x_wconf 89' lang='lat' dir='ltr'>Roma</span> <span class='ocrx_word' id='word_1_116' title='bbox 1008 1799 1068 1844; x_wconf 92' lang='lat' dir='ltr'>non</span> <span class='ocrx_word' id='word_1_117' title='bbox 1092 1783 1157 1845; x_wconf 90' lang='lat' dir='ltr'>tam</span> <span class='ocrx_word' id='word_1_118' title='bbox 1181 1779 1305 1864; x_wconf 86' lang='lat' dir='ltr'>magnis</span> 
     </span>
     <span class='ocr_line' id='line_1_14' title="bbox 152 1884 1304 1969; baseline -0.002 -17"><span class='ocrx_word' id='word_1_119' title='bbox 152 1892 183 1952; x_wconf 93' lang='lat' dir='ltr'>et</span> <span class='ocrx_word' id='word_1_120' title='bbox 206 1885 375 1952; x_wconf 87' lang='lat' dir='ltr'>honendis</span> <span class='ocrx_word' id='word_1_121' title='bbox 401 1884 555 1964; x_wconf 80' lang='lat' dir='ltr'>alodibus,</span> <span class='ocrx_word' id='word_1_122' title='bbox 575 1885 685 1966; x_wconf 81' lang='lat' dir='ltr'>qrrales</span> <span class='ocrx_word' id='word_1_123' title='bbox 710 1904 746 1950; x_wconf 85' lang='lat' dir='ltr'>ex</span> <span class='ocrx_word' id='word_1_124' title='bbox 769 1885 880 1950; x_wconf 87' lang='lat' dir='ltr'>multis</span> <span class='ocrx_word' id='word_1_125' title='bbox 904 1905 1021 1969; x_wconf 88' lang='lat' dir='ltr'>paucas</span> <span class='ocrx_word' id='word_1_126' title='bbox 1041 1886 1304 1962; x_wconf 87' lang='lat' dir='ltr'>commemorabo,</span> 
     </span>
     <span class='ocr_line' id='line_1_15' title="bbox 151 1991 1304 2080; baseline -0.002 -22"><span class='ocrx_word' id='word_1_127' title='bbox 151 1994 269 2078; x_wconf 89' lang='lat' dir='ltr'>agitari</span> <span class='ocrx_word' id='word_1_128' title='bbox 290 1991 461 2077; x_wconf 87' lang='lat' dir='ltr'>adfligique</span> <span class='ocrx_word' id='word_1_129' title='bbox 481 1991 601 2057; x_wconf 89' lang='lat' dir='ltr'>debuit.</span> <span class='ocrx_word' id='word_1_130' title='bbox 625 1991 729 2056; x_wconf 88' lang='lat' dir='ltr'>Nimis</span> <span class='ocrx_word' id='word_1_131' title='bbox 751 1991 833 2056; x_wconf 86' lang='lat' dir='ltr'>eninr</span> <span class='ocrx_word' id='word_1_132' title='bbox 852 1991 972 2057; x_wconf 91' lang='lat' dir='ltr'>multos</span> <span class='ocrx_word' id='word_1_133' title='bbox 992 1993 1069 2058; x_wconf 89' lang='lat' dir='ltr'>deos</span> <span class='ocrx_word' id='word_1_134' title='bbox 1088 1992 1198 2080; x_wconf 87' lang='lat' dir='ltr'>grandi</span> <span class='ocrx_word' id='word_1_135' title='bbox 1217 1991 1304 2056; x_wconf 82' lang='lat' dir='ltr'>sumo</span> 
     </span>
     <span class='ocr_line' id='line_1_16' title="bbox 109 2097 1306 2184; baseline -0.002 -18"><span class='ocrx_word' id='word_1_136' title='bbox 109 2132 133 2172; x_wconf 70' lang='lat'>2⁵</span> <span class='ocrx_word' id='word_1_137' title='bbox 152 2119 211 2166; x_wconf 90' lang='lat' dir='ltr'>suo</span> <span class='ocrx_word' id='word_1_138' title='bbox 240 2103 406 2183; x_wconf 90' lang='lat' dir='ltr'>tamquam</span> <span class='ocrx_word' id='word_1_139' title='bbox 436 2099 526 2184; x_wconf 87' lang='lat' dir='ltr'>signo</span> <span class='ocrx_word' id='word_1_140' title='bbox 556 2099 629 2163; x_wconf 91' lang='lat' dir='ltr'>dato</span> <span class='ocrx_word' id='word_1_141' title='bbox 654 2097 693 2162; x_wconf 88' lang='lat' dir='ltr'>ad</span> <span class='ocrx_word' id='word_1_142' title='bbox 715 2098 885 2164; x_wconf 87' lang='lat' dir='ltr'>tuitionem</span> <span class='ocrx_word' id='word_1_143' title='bbox 909 2103 1165 2184; x_wconf 87' lang='lat' dir='ltr'>congregauerat,</span> <span class='ocrx_word' id='word_1_144' title='bbox 1190 2099 1306 2182; x_wconf 90' lang='lat' dir='ltr'>quibus</span> 
     </span>
     <span class='ocr_line' id='line_1_17' title="bbox 151 2205 1305 2290; baseline -0.003 -17"><span class='ocrx_word' id='word_1_145' title='bbox 151 2207 275 2290; x_wconf 91' lang='lat' dir='ltr'>templa</span> <span class='ocrx_word' id='word_1_146' title='bbox 291 2206 410 2284; x_wconf 86' lang='lat' dir='ltr'>altaria,</span> <span class='ocrx_word' id='word_1_147' title='bbox 425 2206 579 2272; x_wconf 88' lang='lat' dir='ltr'>sacrificia</span> <span class='ocrx_word' id='word_1_148' title='bbox 593 2205 774 2272; x_wconf 85' lang='lat' dir='ltr'>sacerdotes</span> <span class='ocrx_word' id='word_1_149' title='bbox 793 2206 990 2272; x_wconf 90' lang='lat' dir='ltr'>instituendo</span> <span class='ocrx_word' id='word_1_150' title='bbox 1010 2206 1111 2290; x_wconf 88' lang='lat' dir='ltr'>adque</span> <span class='ocrx_word' id='word_1_151' title='bbox 1129 2205 1305 2290; x_wconf 89' lang='lat' dir='ltr'>praebendo</span> 
     </span>
     <span class='ocr_line' id='line_1_18' title="bbox 153 2312 1305 2398; baseline -0.003 -20"><span class='ocrx_word' id='word_1_152' title='bbox 153 2333 319 2378; x_wconf 89' lang='lat' dir='ltr'>summum</span> <span class='ocrx_word' id='word_1_153' title='bbox 352 2333 463 2378; x_wconf 89' lang='lat' dir='ltr'>uerum</span> <span class='ocrx_word' id='word_1_154' title='bbox 494 2313 610 2390; x_wconf 92' lang='lat' dir='ltr'>Deum,</span> <span class='ocrx_word' id='word_1_155' title='bbox 644 2313 695 2378; x_wconf 90' lang='lat' dir='ltr'>cui</span> <span class='ocrx_word' id='word_1_156' title='bbox 727 2313 784 2378; x_wconf 91' lang='lat' dir='ltr'>uni</span> <span class='ocrx_word' id='word_1_157' title='bbox 815 2313 892 2378; x_wconf 90' lang='lat' dir='ltr'>haec</span> <span class='ocrx_word' id='word_1_158' title='bbox 924 2314 984 2378; x_wconf 89' lang='lat' dir='ltr'>rite</span> <span class='ocrx_word' id='word_1_159' title='bbox 1019 2319 1110 2398; x_wconf 86' lang='lat' dir='ltr'>gesta</span> <span class='ocrx_word' id='word_1_160' title='bbox 1143 2312 1305 2388; x_wconf 88' lang='lat' dir='ltr'>debentur,</span> 
     </span>
     <span class='ocr_line' id='line_1_19' title="bbox 154 2419 1305 2504; baseline -0.003 -18"><span class='ocrx_word' id='word_1_161' title='bbox 154 2420 338 2487; x_wconf 83' lang='lat' dir='ltr'>offenderet.</span> <span class='ocrx_word' id='word_1_162' title='bbox 363 2421 404 2484; x_wconf 82' lang='lat' dir='ltr'>llt</span> <span class='ocrx_word' id='word_1_163' title='bbox 418 2419 540 2484; x_wconf 77' lang='lat' dir='ltr'>felicior</span> <span class='ocrx_word' id='word_1_164' title='bbox 555 2419 683 2503; x_wconf 90' lang='lat' dir='ltr'>quidem</span> <span class='ocrx_word' id='word_1_165' title='bbox 698 2439 770 2484; x_wconf 89' lang='lat' dir='ltr'>cum</span> <span class='ocrx_word' id='word_1_166' title='bbox 784 2420 988 2504; x_wconf 88' lang='lat' dir='ltr'>paucioribus</span> <span class='ocrx_word' id='word_1_167' title='bbox 1008 2421 1097 2500; x_wconf 81' lang='lat' dir='ltr'>uixit,</span> <span class='ocrx_word' id='word_1_168' title='bbox 1114 2421 1170 2486; x_wconf 85' lang='lat' dir='ltr'>aed</span> <span class='ocrx_word' id='word_1_169' title='bbox 1190 2423 1305 2504; x_wconf 89' lang='lat' dir='ltr'>quanto</span> 
     </span>
     <span class='ocr_line' id='line_1_20' title="bbox 153 2516 1306 2610; baseline -0.002 -18"><span class='ocrx_word' id='word_1_170' title='bbox 153 2527 256 2593; x_wconf 87' lang='lat' dir='ltr'>maior</span> <span class='ocrx_word' id='word_1_171' title='bbox 284 2516 374 2592; x_wconf 82' lang='lat' dir='ltr'>faeta</span> <span class='ocrx_word' id='word_1_172' title='bbox 396 2529 456 2604; x_wconf 86' lang='lat' dir='ltr'>est,</span> <span class='ocrx_word' id='word_1_173' title='bbox 481 2527 565 2592; x_wconf 90' lang='lat' dir='ltr'>sicut</span> <span class='ocrx_word' id='word_1_174' title='bbox 592 2525 683 2592; x_wconf 87' lang='lat' dir='ltr'>nauis</span> <span class='ocrx_word' id='word_1_175' title='bbox 712 2530 835 2605; x_wconf 89' lang='lat' dir='ltr'>nautas,</span> <span class='ocrx_word' id='word_1_176' title='bbox 859 2530 947 2593; x_wconf 90' lang='lat' dir='ltr'>tanto</span> <span class='ocrx_word' id='word_1_177' title='bbox 977 2527 1083 2610; x_wconf 89' lang='lat' dir='ltr'>plures</span> <span class='ocrx_word' id='word_1_178' title='bbox 1112 2526 1306 2592; x_wconf 90' lang='lat' dir='ltr'>adhibendos</span> 
     </span>
     <span class='ocr_line' id='line_1_21' title="bbox 113 2633 1306 2718; baseline -0.003 -18"><span class='ocrx_word' id='word_1_179' title='bbox 113 2671 138 2710; x_wconf 79' lang='lat' dir='ltr'>a</span> <span class='ocrx_word' id='word_1_180' title='bbox 154 2635 298 2718; x_wconf 83' lang='lat' dir='ltr'>putauit3</span> <span class='ocrx_word' id='word_1_181' title='bbox 324 2633 427 2712; x_wconf 88' lang='lat' dir='ltr'>credo,</span> <span class='ocrx_word' id='word_1_182' title='bbox 452 2633 621 2718; x_wconf 89' lang='lat' dir='ltr'>desperans</span> <span class='ocrx_word' id='word_1_183' title='bbox 646 2635 810 2718; x_wconf 86' lang='lat' dir='ltr'>panciores</span> <span class='ocrx_word' id='word_1_184' title='bbox 834 2635 919 2712; x_wconf 87' lang='lat' dir='ltr'>illos,</span> <span class='ocrx_word' id='word_1_185' title='bbox 943 2635 1003 2700; x_wconf 86' lang='lat' dir='ltr'>sub</span> <span class='ocrx_word' id='word_1_186' title='bbox 1032 2634 1147 2718; x_wconf 90' lang='lat' dir='ltr'>quibus</span> <span class='ocrx_word' id='word_1_187' title='bbox 1174 2634 1206 2698; x_wconf 92' lang='lat' dir='ltr'>in</span> <span class='ocrx_word' id='word_1_188' title='bbox 1236 2653 1306 2699; x_wconf 92' lang='lat' dir='ltr'>oon·</span> 
     </span>
     <span class='ocr_line' id='line_1_22' title="bbox 154 2740 1307 2826; baseline -0.003 -19"><span class='ocrx_word' id='word_1_189' title='bbox 154 2742 353 2825; x_wconf 87' lang='lat' dir='ltr'>parationem</span> <span class='ocrx_word' id='word_1_190' title='bbox 377 2741 493 2824; x_wconf 90' lang='lat' dir='ltr'>peioris</span> <span class='ocrx_word' id='word_1_191' title='bbox 512 2743 599 2808; x_wconf 90' lang='lat' dir='ltr'>uitae</span> <span class='ocrx_word' id='word_1_192' title='bbox 618 2741 733 2808; x_wconf 89' lang='lat' dir='ltr'>melius</span> <span class='ocrx_word' id='word_1_193' title='bbox 753 2741 882 2821; x_wconf 82' lang='lat' dir='ltr'>uixerat,</span> <span class='ocrx_word' id='word_1_194' title='bbox 902 2762 962 2807; x_wconf 91' lang='lat' dir='ltr'>non</span> <span class='ocrx_word' id='word_1_195' title='bbox 982 2742 1127 2807; x_wconf 89' lang='lat' dir='ltr'>sufficere</span> <span class='ocrx_word' id='word_1_196' title='bbox 1146 2740 1185 2806; x_wconf 88' lang='lat' dir='ltr'>ad</span> <span class='ocrx_word' id='word_1_197' title='bbox 1205 2743 1307 2826; x_wconf 91' lang='lat' dir='ltr'>opitu·</span> 
     </span>
     <span class='ocr_line' id='line_1_23' title="bbox 155 2847 593 2932; baseline 0.007 -20"><span class='ocrx_word' id='word_1_198' title='bbox 155 2849 288 2912; x_wconf 87' lang='lat' dir='ltr'>landum</span> <span class='ocrx_word' id='word_1_199' title='bbox 313 2847 483 2932; x_wconf 86' lang='lat' dir='ltr'>granditati</span> <span class='ocrx_word' id='word_1_200' title='bbox 508 2869 593 2915; x_wconf 90' lang='lat' dir='ltr'>suae.</span> 
     </span>
     <span class='ocr_line' id='line_1_24' title="bbox 198 2953 1307 3038; baseline -0.002 -18"><span class='ocrx_word' id='word_1_201' title='bbox 198 2955 309 3020; x_wconf 89' lang='lat' dir='ltr'>Primo</span> <span class='ocrx_word' id='word_1_202' title='bbox 334 2955 417 3018; x_wconf 89' lang='lat' dir='ltr'>enim</span> <span class='ocrx_word' id='word_1_203' title='bbox 442 2955 501 3020; x_wconf 91' lang='lat' dir='ltr'>sub</span> <span class='ocrx_word' id='word_1_204' title='bbox 525 2955 605 3038; x_wconf 89' lang='lat' dir='ltr'>ipsis</span> <span class='ocrx_word' id='word_1_205' title='bbox 628 2954 769 3038; x_wconf 90' lang='lat' dir='ltr'>regibus,</span> <span class='ocrx_word' id='word_1_206' title='bbox 795 2958 923 3037; x_wconf 83' lang='lat' dir='ltr'>excepto</span> <span class='ocrx_word' id='word_1_207' title='bbox 946 2955 1054 3020; x_wconf 86' lang='lat' dir='ltr'>Numa</span> <span class='ocrx_word' id='word_1_208' title='bbox 1075 2954 1245 3037; x_wconf 90' lang='lat' dir='ltr'>Pompilio,</span> <span class='ocrx_word' id='word_1_209' title='bbox 1269 2953 1307 3018; x_wconf 91' lang='lat' dir='ltr'>de</span> 
     </span>
     <span class='ocr_line' id='line_1_25' title="bbox 157 3060 1306 3145; baseline 0 -20"><span class='ocrx_word' id='word_1_210' title='bbox 157 3080 218 3144; x_wconf 89' lang='lat' dir='ltr'>quo</span> <span class='ocrx_word' id='word_1_211' title='bbox 256 3061 322 3126; x_wconf 90' lang='lat' dir='ltr'>iam</span> <span class='ocrx_word' id='word_1_212' title='bbox 360 3081 455 3145; x_wconf 85' lang='lat' dir='ltr'>supra</span> <span class='ocrx_word' id='word_1_213' title='bbox 489 3062 618 3126; x_wconf 89' lang='lat' dir='ltr'>locutus</span> <span class='ocrx_word' id='word_1_214' title='bbox 658 3082 740 3140; x_wconf 86' lang='lat' dir='ltr'>sum,</span> <span class='ocrx_word' id='word_1_215' title='bbox 774 3065 926 3144; x_wconf 91' lang='lat' dir='ltr'>quantum</span> <span class='ocrx_word' id='word_1_216' title='bbox 963 3061 1083 3125; x_wconf 91' lang='lat' dir='ltr'>malum</span> <span class='ocrx_word' id='word_1_217' title='bbox 1118 3060 1306 3126; x_wconf 90' lang='lat' dir='ltr'>discordiosi</span> 
     </span>
     <span class='ocr_line' id='line_1_26' title="bbox 115 3167 1118 3252; baseline 0 -20"><span class='ocrx_word' id='word_1_218' title='bbox 115 3201 139 3242; x_wconf 78' lang='lat' dir='ltr'>n</span> <span class='ocrx_word' id='word_1_219' title='bbox 157 3167 341 3232; x_wconf 88' lang='lat' dir='ltr'>certaminis</span> <span class='ocrx_word' id='word_1_220' title='bbox 365 3168 438 3246; x_wconf 83' lang='lat' dir='ltr'>fuit,</span> <span class='ocrx_word' id='word_1_221' title='bbox 463 3168 547 3250; x_wconf 88' lang='lat' dir='ltr'>quod</span> <span class='ocrx_word' id='word_1_222' title='bbox 570 3170 697 3234; x_wconf 85' lang='lat' dir='ltr'>fratrem</span> <span class='ocrx_word' id='word_1_223' title='bbox 720 3169 849 3233; x_wconf 87' lang='lat' dir='ltr'>Romuli</span> <span class='ocrx_word' id='word_1_224' title='bbox 873 3168 978 3252; x_wconf 84' lang='lat' dir='ltr'>coegit</span> <span class='ocrx_word' id='word_1_225' title='bbox 1002 3167 1118 3233; x_wconf 85' lang='lat' dir='ltr'>occidit</span> 
     </span>
    </p>
   </div>
   <div class='ocr_carea' id='block_1_3' title="bbox 192 3413 1308 3525">
    <p class='ocr_par' dir='ltr' id='par_1_3' title="bbox 192 3413 1308 3525">
     <span class='ocr_line' id='line_1_27' title="bbox 192 3413 1308 3525; baseline -0.001 -15"><span class='ocrx_word' id='word_1_226' title='bbox 192 3457 208 3510; x_wconf 90' lang='lat'>3</span> <span class='ocrx_word' id='word_1_227' title='bbox 228 3457 392 3525; x_wconf 85' lang='lat' dir='ltr'>sequuturos</span> <span class='ocrx_word' id='word_1_228' title='bbox 411 3453 484 3522; x_wconf 83' lang='lat' dir='ltr'>Ln;</span> <span class='ocrx_word' id='word_1_229' title='bbox 502 3419 639 3508; x_wconf 59' lang='lat' dir='ltr'>seentdres</span> <span class='ocrx_word' id='word_1_230' title='bbox 658 3471 685 3522; x_wconf 81' lang='lat' dir='ltr'>e‚·</span> <span class='ocrx_word' id='word_1_231' title='bbox 703 3413 810 3510; x_wconf 62' lang='lat' dir='ltr'>seciios</span> <span class='ocrx_word' id='word_1_232' title='bbox 832 3455 856 3511; x_wconf 80' lang='lat' dir='ltr'>d</span> <span class='ocrx_word' id='word_1_233' title='bbox 915 3459 934 3511; x_wconf 84' lang='lat'>4</span> <span class='ocrx_word' id='word_1_234' title='bbox 953 3413 1059 3511; x_wconf 61' lang='lat' dir='ltr'>deabris</span> <span class='ocrx_word' id='word_1_235' title='bbox 1082 3457 1105 3512; x_wconf 83' lang='lat'><em>0</em></span> <span class='ocrx_word' id='word_1_236' title='bbox 1171 3457 1187 3511; x_wconf 82' lang='lat'><strong>5</strong></span> <span class='ocrx_word' id='word_1_237' title='bbox 1206 3455 1308 3510; x_wconf 89' lang='lat' dir='ltr'>uiderit</span> 
     </span>
    </p>
   </div>
   <div class='ocr_carea' id='block_1_4' title="bbox 40 3543 1310 3616">
    <p class='ocr_par' dir='ltr' id='par_1_4' title="bbox 40 3543 1310 3616">
     <span class='ocr_line' id='line_1_28' title="bbox 40 3543 1310 3616; baseline 0.001 -20"><span class='ocrx_word' id='word_1_238' title='bbox 40 3575 43 3580; x_wconf 91' lang='lat'>-</span> <span class='ocrx_word' id='word_1_239' title='bbox 159 3545 460 3614; x_wconf 78' lang='lat' dir='ltr'>esculapius....nata</span> <span class='ocrx_word' id='word_1_240' title='bbox 478 3543 516 3596; x_wconf 89' lang='lat' dir='ltr'>sit</span> <span class='ocrx_word' id='word_1_241' title='bbox 533 3547 602 3596; x_wconf 86' lang='lat' dir='ltr'>m.1</span> <span class='ocrx_word' id='word_1_242' title='bbox 619 3543 650 3598; x_wconf 81' lang='lat' dir='ltr'>in</span> <span class='ocrx_word' id='word_1_243' title='bbox 669 3545 750 3610; x_wconf 78' lang='lat' dir='ltr'>inser.</span> <span class='ocrx_word' id='word_1_244' title='bbox 771 3561 866 3615; x_wconf 71' lang='lat' dir='ltr'>marg..</span> <span class='ocrx_word' id='word_1_245' title='bbox 885 3544 912 3599; x_wconf 85' lang='lat' dir='ltr'><strong><em>L</em></strong></span> <span class='ocrx_word' id='word_1_246' title='bbox 1011 3545 1162 3616; x_wconf 86' lang='lat' dir='ltr'>escolapius</span> <span class='ocrx_word' id='word_1_247' title='bbox 1182 3543 1310 3598; x_wconf 84' lang='lat' dir='ltr'>etiamG</span> 
     </span>
    </p>
   </div>
   <div class='ocr_carea' id='block_1_5' title="bbox 159 3631 1307 3737">
    <p class='ocr_par' dir='ltr' id='par_1_5' title="bbox 159 3631 1307 3737">
     <span class='ocr_line' id='line_1_29' title="bbox 159 3631 1307 3737; baseline 0 -52"><span class='ocrx_word' id='word_1_248' title='bbox 159 3632 345 3702; x_wconf 78' lang='lat' dir='ltr'>dignabilem</span> <span class='ocrx_word' id='word_1_249' title='bbox 365 3631 487 3686; x_wconf 85' lang='lat' dir='ltr'>diceneo</span> <span class='ocrx_word' id='word_1_250' title='bbox 559 3633 758 3686; x_wconf 74' lang='lat' dir='ltr'>teaelestese</span> <span class='ocrx_word' id='word_1_251' title='bbox 847 3638 968 3688; x_wconf 87' lang='lat' dir='ltr'>terrenos</span> <span class='ocrx_word' id='word_1_252' title='bbox 988 3652 1006 3685; x_wconf 86' lang='grc' dir='ltr'>α</span> <span class='ocrx_word' id='word_1_253' title='bbox 1094 3631 1217 3688; x_wconf 85' lang='lat' dir='ltr'>flubiales</span> <span class='ocrx_word' id='word_1_254' title='bbox 1236 3631 1307 3737; x_wconf 51' lang='lat' dir='ltr'>Lrll5</span> 
     </span>
    </p>
   </div>
   <div class='ocr_carea' id='block_1_6' title="bbox 158 3746 1310 3853">
    <p class='ocr_par' dir='ltr' id='par_1_6' title="bbox 158 3746 1310 3853">
     <span class='ocr_line' id='line_1_30' title="bbox 158 3746 1310 3853; baseline 0 -53"><span class='ocrx_word' id='word_1_255' title='bbox 158 3747 294 3817; x_wconf 88' lang='lat' dir='ltr'>pluuiales</span> <span class='ocrx_word' id='word_1_256' title='bbox 317 3748 371 3814; x_wconf 69' lang='lat' dir='ltr'>Cf</span> <span class='ocrx_word' id='word_1_257' title='bbox 444 3746 476 3853; x_wconf 66' lang='lat'>12</span> <span class='ocrx_word' id='word_1_258' title='bbox 494 3747 573 3802; x_wconf 88' lang='lat' dir='ltr'>barro</span> <span class='ocrx_word' id='word_1_259' title='bbox 593 3746 651 3802; x_wconf 81' lang='lat' dir='ltr'>La</span> <span class='ocrx_word' id='word_1_260' title='bbox 725 3747 812 3818; x_wconf 84' lang='lat' dir='ltr'>adque</span> <span class='ocrx_word' id='word_1_261' title='bbox 831 3749 949 3803; x_wconf 84' lang='lat' dir='ltr'>incertos</span> <span class='ocrx_word' id='word_1_262' title='bbox 968 3750 1060 3804; x_wconf 84' lang='lat' dir='ltr'>om.cl</span> <span class='ocrx_word' id='word_1_263' title='bbox 1127 3749 1160 3804; x_wconf 81' lang='lat'>13</span> <span class='ocrx_word' id='word_1_264' title='bbox 1179 3747 1310 3818; x_wconf 79' lang='lat' dir='ltr'>paucaO</span> 
     </span>
    </p>
   </div>
   <div class='ocr_carea' id='block_1_7' title="bbox 160 3823 1307 4024">
    <p class='ocr_par' dir='ltr' id='par_1_7' title="bbox 160 3823 1307 4024">
     <span class='ocr_line' id='line_1_31' title="bbox 163 3823 1307 3934; baseline 0 -18"><span class='ocrx_word' id='word_1_265' title='bbox 163 3865 193 3916; x_wconf 88' lang='grc'>15</span> <span class='ocrx_word' id='word_1_266' title='bbox 212 3823 380 3918; x_wconf 68' lang='lat' dir='ltr'>adustionem</span> <span class='ocrx_word' id='word_1_267' title='bbox 399 3863 439 3930; x_wconf 79' lang='lat' dir='ltr'>L;</span> <span class='ocrx_word' id='word_1_268' title='bbox 458 3864 617 3917; x_wconf 72' lang='lat' dir='ltr'>attritionem</span> <span class='ocrx_word' id='word_1_269' title='bbox 637 3868 660 3918; x_wconf 81' lang='grc' dir='ltr'><strong>Α</strong></span> <span class='ocrx_word' id='word_1_270' title='bbox 735 3865 767 3919; x_wconf 89' lang='grc'>16</span> <span class='ocrx_word' id='word_1_271' title='bbox 787 3865 940 3934; x_wconf 84' lang='lat' dir='ltr'>praeuendc</span> <span class='ocrx_word' id='word_1_272' title='bbox 958 3864 1017 3919; x_wconf 80' lang='lat' dir='ltr'>LA</span> <span class='ocrx_word' id='word_1_273' title='bbox 1087 3867 1119 3920; x_wconf 82' lang='lat'>19</span> <span class='ocrx_word' id='word_1_274' title='bbox 1139 3865 1230 3918; x_wconf 87' lang='lat' dir='ltr'>tantos</span> <span class='ocrx_word' id='word_1_275' title='bbox 1249 3864 1307 3918; x_wconf 84' lang='lat' dir='ltr'>LA</span> 
     </span>
     <span class='ocr_line' id='line_1_32' title="bbox 160 3952 1101 4024; baseline -0.002 -16"><span class='ocrx_word' id='word_1_276' title='bbox 160 3953 194 4007; x_wconf 78' lang='lat'>20</span> <span class='ocrx_word' id='word_1_277' title='bbox 213 3953 433 4023; x_wconf 87' lang='lat' dir='ltr'>conparationem</span> <span class='ocrx_word' id='word_1_278' title='bbox 452 3952 522 4006; x_wconf 74' lang='lat' dir='ltr'>Lm</span> <span class='ocrx_word' id='word_1_279' title='bbox 536 3953 598 4022; x_wconf 71' lang='lat'>02³3</span> <span class='ocrx_word' id='word_1_280' title='bbox 618 3953 817 4024; x_wconf 85' lang='lat' dir='ltr'>comparatione</span> <span class='ocrx_word' id='word_1_281' title='bbox 838 3953 984 4023; x_wconf 80' lang='lat' dir='ltr'>abdepv</span> <span class='ocrx_word' id='word_1_282' title='bbox 1002 3952 1101 4008; x_wconf 89' lang='lat' dir='ltr'>Demb.</span> 
     </span>
    </p>
   </div>
   <div class='ocr_carea' id='block_1_8' title="bbox 0 0 1549 4928">
    <p class='ocr_par' dir='ltr' id='par_1_8' title="bbox 0 0 1549 4928">
     <span class='ocr_line' id='line_1_33' title="bbox 0 0 1549 4928; baseline 0 0"><span class='ocrx_word' id='word_1_283' title='bbox 0 0 1549 4928; x_wconf 95' lang='lat' dir='ltr'> </span> 
     </span>
    </p>
   </div>
  </div>
 </body>
</html>
