3072 4930
227 431 290 496 186
576 429 602 484 S.
631 430 788 484 Aurelii
815 430 1033 499 Augustini

226 623 311 706 quod
343 643 361 687 a
392 623 533 689 fortuitis
567 623 661 689 etiam
691 643 804 689 nomen
832 623 976 708 accepIt?
1017 623 1104 690 Nihil
1134 625 1217 688 enim
1245 623 1384 708 prodest

227 749 295 794 eam
324 730 437 806 colere,
462 730 489 796 si
512 731 640 795 fortuna
663 734 722 796 est.
761 729 796 796 Si
820 734 926 796 autem
949 750 1025 798 suos
1050 733 1189 797 cultores
1213 730 1382 807 discernit,

225 840 263 900 ut
285 837 398 918 prosit,
417 837 544 902 fortuna
566 857 626 902 non
647 841 706 903 est.
729 838 779 902 An
799 841 831 902 et
848 837 963 920 ipsam,
984 857 1045 920 quo
1064 838 1213 914 uoluerit,
1232 837 1384 921 Iuppiter

225 943 346 1008 mittier
385 942 516 1008 Colatur
542 963 615 1028 ergo
644 945 713 1028 ipse
743 945 845 1019 solus;
875 963 935 1008 non
964 945 1046 1009 enim
1069 948 1178 1027 potest
1200 943 1230 1008 ei
1253 942 1382 1008 iubenti

227 1051 260 1114 et
287 1068 356 1114 eam
389 1069 451 1132 quo
484 1051 623 1115 uoluerit
654 1051 794 1115 mittenti
822 1051 962 1116 Fortuna
993 1051 1151 1116 resistere.
1192 1051 1259 1114 Ant
1290 1053 1381 1115 certe
1413 1073 1426 1112 s

226 1156 322 1220 istam
346 1156 422 1220 mali
447 1157 561 1236 colant,
581 1156 635 1239 qui
654 1156 768 1222 nolunt
785 1156 900 1222 habere
919 1157 1041 1234 merita,
1062 1157 1178 1240 quibus
1198 1155 1257 1222 dea
1274 1157 1384 1239 possit

228 1261 379 1328 Felicitas
402 1261 538 1328 inultari.

656 1365 793 1434 CAPUT
816 1367 948 1432 XVIIII.

558 1475 612 1539 De
636 1473 816 1540 Fortuna
839 1475 1044 1542 muliebri.

273 1581 410 1646 Tantum
439 1599 514 1646 sane
542 1580 617 1645 hoio
644 1582 736 1646 uelut
763 1581 884 1646 numini
907 1581 1062 1660 tribuunt,
1088 1600 1181 1664 quam
1204 1581 1381 1647 Fortunam
1403 1607 1426 1646 ιο

229 1689 416 1766 recantat
444 1687 649 1752 simulacrum
680 1687 759 1766 eius,
784 1687 869 1770 quod
898 1709 916 1752 a
943 1689 1095 1754 matronis
1124 1688 1306 1754 dedicatum
1331 1694 1382 1752 est

229 1797 263 1858 et
289 1793 447 1876 appellata
475 1796 525 1859 est
551 1794 691 1859 Fortuna
720 1794 894 1871 muliebris,
919 1795 1015 1860 etiam
1043 1795 1187 1860 locutum
1217 1814 1288 1860 esse
1316 1815 1382 1860 me-

231 1903 349 1968 moriae
378 1902 666 1968 commendauerint
689 1902 791 1986 adque
816 1903 931 1968 dixisse
954 1922 1015 1968 non
1040 1902 1150 1981 semel,
1174 1901 1231 1966 sed
1251 1902 1382 1978 iterum,

230 2010 316 2092 quod
339 2030 407 2075 eam
431 2012 489 2076 rite
513 2014 674 2076 matronae
698 2011 923 2076 dedicauerint.
948 2007 1040 2088 Quod
1063 2007 1192 2093 quidem
1216 2007 1243 2073 si
1267 2027 1382 2072 uenam

231 2117 285 2196 sit,
309 2117 416 2181 mirari
442 2137 498 2183 noa
527 2137 588 2183 non
617 2119 749 2201 oportet.
786 2117 858 2182 Non
887 2117 970 2181 enim
998 2115 1146 2200 malignis
1171 2115 1381 2179 daemonibus
1401 2135 1424 2178 c

232 2225 328 2289 etiam
358 2225 404 2290 sic
432 2224 561 2290 difficile
589 2227 640 2290 est
665 2225 784 2303 fallere,
814 2243 948 2308 quorum
977 2229 1061 2288 artes
1089 2223 1191 2306 adque
1219 2223 1381 2288 uersutias

231 2329 306 2395 hinc
328 2331 436 2414 potius
459 2331 515 2396 isti
539 2331 702 2397 aduertere
727 2331 914 2410 debuerunt,
934 2329 1018 2412 quod
1040 2330 1097 2394 illa
1117 2329 1175 2394 dea
1192 2330 1301 2394 locuta
1321 2332 1382 2404 est,

234 2457 313 2521 quae
350 2437 481 2503 fortuito
520 2438 645 2519 accidit,
680 2457 739 2502 non
778 2457 857 2520 qnae
890 2437 1012 2502 meritis
1046 2438 1142 2502 uenit.
1189 2435 1265 2501 Fuit
1297 2437 1383 2500 eninr

232 2542 373 2607 Fortuna
408 2545 523 2626 loquax
561 2547 593 2610 et
623 2548 714 2608 muta
744 2544 907 2621 Felicitas,
941 2547 978 2610 ut
1011 2543 1086 2626 quid
1120 2542 1216 2620 aliud,
1251 2541 1312 2608 nisi
1348 2543 1385 2604 ut

234 2649 377 2715 homines
410 2658 495 2716 recte
528 2651 637 2716 uiuere
670 2671 731 2718 non
764 2655 910 2716 curarent
942 2651 1111 2717 conciliata
1143 2650 1204 2715 sibi
1230 2649 1382 2723 Fortuna,
1400 2671 1424 2710 a

234 2776 314 2838 qrrae
336 2757 410 2823 illes
434 2757 502 2822 sine
527 2758 600 2823 ullis
623 2759 716 2824 bouis
735 2757 857 2824 meritis
877 2759 996 2824 faceret
1014 2759 1213 2823 fortunatos?
1237 2757 1279 2820 Et
1297 2757 1383 2820 certe

235 2863 263 2928 si
285 2863 425 2930 Fortuna
450 2863 603 2948 loquitur,
626 2884 687 2930 non
717 2867 831 2930 saltem
858 2865 1035 2944 muliebris,
1061 2864 1116 2929 sed
1143 2863 1246 2928 uirilis
1274 2862 1383 2945 potius

232 2969 425 3055 loqueretur,
444 2976 482 3036 ut
504 2991 565 3037 non
588 2973 687 3056 ipsae,
707 2991 787 3053 quae
811 2971 1015 3036 simulacrum
1036 2970 1273 3044 dedicacarunt,
1291 2971 1385 3051 puta·

234 3081 342 3144 rentur
364 3081 488 3144 tanturn
512 3079 702 3144 miraculum
725 3079 873 3144 muliebri
896 3079 1089 3160 loquacitate
1112 3077 1249 3154 finxisse.

695 3237 833 3304 CAPUT
856 3238 924 3302 XX.
1399 3249 1423 3290 aa

236 3343 290 3409 De
309 3343 463 3409 Virtute
487 3349 523 3408 et
541 3344 642 3421 Fide,
663 3363 754 3428 quas
782 3345 919 3428 pagani
941 3342 1096 3426 templis
1120 3347 1157 3406 et
1180 3340 1301 3405 sacris
1325 3340 1383 3404 ho-

237 3454 468 3515 norauerunt
490 3452 844 3534 praetermittentes
864 3451 939 3515 alia
958 3451 1060 3527 bona,
1086 3467 1179 3532 quae
1203 3447 1384 3512 similiter

237 3557 394 3621 colenda
421 3557 573 3637 fuerint,
600 3557 632 3623 si
660 3561 762 3626 reete
791 3557 878 3623 aliis
913 3556 1097 3621 diuinitas
1131 3555 1381 3620 tribuebatur.

280 3680 440 3746 Virtutem
464 3700 588 3765 quoque
613 3681 703 3746 deam
726 3683 883 3756 fecerunt3
908 3700 987 3763 quae
1011 3679 1139 3762 quidem
1164 3679 1192 3744 si
1211 3679 1270 3744 dea
1288 3679 1382 3751 esset,

237 3787 347 3854 multis
380 3787 483 3853 fuerat
514 3789 726 3871 praeferenda.
767 3789 809 3854 Et
839 3807 921 3852 nunc
956 3787 1030 3870 quia
1063 3785 1121 3851 dea
1148 3805 1209 3850 non
1240 3789 1299 3863 est,
1330 3783 1422 3850 sedo

274 3913 490 4024 dmalcolrmtd
545 3955 596 4010 dea
609 3957 697 4026 possii
710 3955 803 4022 codd.,·
817 3973 842 4026 p.
858 3954 914 4009 dv
970 3955 1003 4009 10
1021 3953 1124 4008 nomini
1137 3953 1173 4007 Αι
1185 3952 1217 4006 0¹
1276 3951 1309 4006 12
1328 3967 1382 4006 ruu-

238 4045 361 4100 11εῐίεΛ1
420 4045 663 4115 18lcrtuitubqv
718 4044 905 4100 acceditdC¹
959 4045 992 4098 21
1008 4042 1112 4098 meritis
1126 4042 1243 4096 bcnIsA
1294 4039 1382 4108 aaut]

240 4165 296 4215 ete
367 4127 591 4216 dedicauerlntd
645 4160 854 4216 24fincxIssed
909 4155 1219 4214 27aliaenimbona0
1273 4157 1308 4212 28
1327 4157 1382 4210 lue-

239 4252 295 4303 rint
315 4249 350 4316 0,·
376 4249 488 4304 inerunt
502 4267 575 4318 qu
701 4249 761 4304 aliis
784 4249 896 4318 quo;
923 4247 978 4302 illis
997 4247 1095 4302 Domb.
1116 4263 1150 4302 aa
1168 4247 1238 4302 coni.
1258 4243 1385 4300 Ddbaen'

239 4338 419 4393 trubuebatur
440 4337 463 4392 0
