3136 4928
344 455 394 508 oe
424 455 596 508 ciuitate
625 453 687 508 aei
714 439 779 509 rro'.
806 455 838 509 x.
868 473 942 525 cap.
971 457 1014 510 aa.
1039 457 1081 510 24.
1222 458 1286 524 485

142 654 247 714 autem
274 650 313 714 ad
337 653 454 715 certam
478 650 621 733 regulam
644 649 733 731 loqui
750 650 799 714 fas
824 657 882 728 est,
907 669 944 714 ne
968 650 1137 714 uerborum
1159 649 1288 714 licentIa

141 757 238 821 etiam
263 757 300 821 de
330 758 434 834 rebus,
469 777 548 840 quae
581 758 631 822 his
665 757 893 842 significantur,
931 757 1050 840 inpiam
1080 757 1190 840 gignat
1219 756 1286 838 opi-

142 883 278 928 monem.

569 1057 706 1122 CAPUT
728 1055 860 1122 XXIIII.

109 1199 191 1266 sDa
216 1218 287 1264 uno
313 1219 476 1281 ueroque
495 1201 693 1282 principio,
715 1199 813 1282 quod
832 1200 952 1264 solum
972 1203 1141 1266 naturam
1163 1201 1284 1266 huma-

430 1326 510 1370 nam
534 1310 671 1390 purgat
695 1307 813 1390 adque
837 1311 1003 1372 renouat.

184 1447 252 1513 Nos
276 1449 384 1532 itaque
407 1450 453 1514 ita
476 1469 536 1514 nou
560 1449 696 1514 dicimus
721 1450 783 1514 duo
807 1451 860 1514 uel
883 1451 943 1515 tria
966 1450 1126 1533 principia,
1152 1470 1225 1514 oum
1249 1451 1286 1514 de

140 1555 208 1619 Deo
231 1554 507 1637 loquimu1·,siout
530 1575 585 1619 neo
610 1556 690 1620 duos
715 1556 790 1620 deos
813 1556 868 1620 uel
890 1561 955 1621 tres
978 1557 1069 1621 nobis
1092 1557 1216 1621 licitum
1238 1559 1288 1620 est

141 1660 244 1726 dioere
273 1661 418 1743 quamuis
444 1661 481 1726 de
505 1681 695 1744 unoquoque
717 1659 895 1744 loquentes
919 1664 972 1727 uel
996 1663 1033 1728 de
1056 1664 1149 1727 Patre
1173 1664 1225 1727 uel
1249 1663 1286 1727 da

98 1793 123 1833 ro
140 1767 222 1833 Filio
251 1769 302 1832 ael
332 1768 369 1832 de
399 1767 519 1852 Spiritu
548 1772 667 1844 saneto,
693 1769 787 1832 etiarn
817 1770 978 1853 singulum
1002 1789 1160 1852 quemque
1182 1770 1287 1833 Deum

142 1895 212 1940 esse
241 1875 405 1956 fateamur,
430 1895 486 1940 neo
515 1875 657 1939 dieamus
685 1878 790 1939 tamen
819 1876 903 1958 quod
931 1877 1081 1942 haeretiei
1105 1877 1286 1950 Sabelliani,

141 1983 276 2047 eundem
305 2001 375 2046 esse
399 1983 535 2060 Patrem,
561 1982 615 2064 qui
644 1985 693 2046 est
720 1986 752 2046 et
774 1982 886 2058 Filius,
912 1987 944 2047 et
971 1985 1103 2049 eundem
1133 1983 1286 2066 Spiritum

140 2091 298 2166 sanetum,
313 2090 364 2170 qui
382 2097 431 2154 est
446 2095 477 2153 et
490 2089 584 2153 Pater
598 2092 630 2152 et
643 2088 755 2164 Filius,
772 2089 827 2154 sed
841 2091 967 2154 Patrem
983 2111 1053 2155 esse
1067 2091 1286 2169 FiliiPatrem,

141 2200 174 2260 et
195 2196 313 2260 Filium
337 2197 441 2260 Patris
465 2195 592 2272 Filium,
618 2199 650 2260 et
673 2196 776 2259 Patris
806 2199 838 2260 et
861 2197 935 2261 Filii
959 2197 1111 2280 Spiritum
1140 2203 1286 2262 sanctum

97 2325 123 2367 as
140 2323 198 2368 neo
221 2304 349 2368 Patrem
378 2323 448 2368 esse
475 2321 533 2366 neo
557 2302 683 2367 Filium.
716 2303 834 2366 Verum
862 2304 970 2386 itaque
1000 2303 1119 2368 dietum
1150 2311 1199 2368 est
1226 2325 1286 2370 non

139 2411 267 2494 purgari
295 2410 454 2474 hominem
482 2411 541 2474 nisi
570 2409 736 2492 principio,
761 2411 906 2492 quamuis
934 2411 1100 2494 pluraliter
1128 2415 1204 2494 aput
1232 2431 1285 2476 eos

140 2518 206 2582 sint
228 2519 313 2582 diota
335 2517 498 2601 principia.

184 2621 342 2712 [XXIIII]
371 2623 433 2689 Sed
460 2623 608 2688 subditus
632 2623 825 2707 Porphyrius
852 2623 970 2688 inuidis
997 2625 1221 2707 potestatibus,
1247 2627 1284 2690 de

140 2733 256 2814 quibus
289 2736 321 2795 et
354 2731 568 2812 erubescebat,
598 2735 630 2794 et
662 2751 714 2795 ens
747 2732 844 2796 libere
872 2733 1059 2816 redarguere
1087 2731 1285 2808 formidabat,

94 2861 120 2902 ao
138 2837 243 2902 noluit
268 2839 452 2922 intellegere
479 2838 650 2903 Dominum
681 2837 841 2904 Christum
871 2859 940 2903 esse
967 2839 1170 2922 principium,
1195 2839 1285 2904 cuius

137 2945 353 3011 incarnatione
380 2965 562 3029 purgamur.
596 2946 678 3010 Eum
703 2947 818 3028 quippe
842 2946 873 3009 in
898 2947 967 3029 ipsa
990 2965 1081 3010 carna
1106 2945 1285 3012 contemsit.

139 3071 234 3133 quam
262 3055 390 3134 propter
422 3051 612 3116 sacrificium
644 3057 769 3116 nostrae
801 3053 1000 3136 purgationis
1028 3053 1194 3130 adsumsit,
1222 3071 1286 3117 ma-

138 3178 235 3242 gnum
261 3159 385 3223 scilieet
408 3162 639 3222 sacramentum
659 3179 696 3223 ea
715 3160 862 3242 superbia
886 3179 945 3223 non
968 3161 1167 3242 intellegens,
1191 3179 1284 3241 quam

137 3284 196 3329 sua
219 3264 274 3329 ille
298 3265 478 3330 humil'tate
502 3265 617 3330 deiecit
641 3284 735 3329 uerus
760 3265 980 3350 benignusque
1003 3266 1170 3344 Mediator,
1193 3267 1225 3330 iu
1250 3285 1286 3330 ea

92 3395 119 3436 ns
138 3391 171 3436 se
196 3370 365 3435 ostendens
389 3371 581 3435 mortalitate
604 3371 802 3448 mortalibus,
823 3391 917 3453 quam
940 3371 1071 3456 maligni
1095 3372 1285 3454 fallacesque

136 3477 328 3542 mediatores
360 3495 421 3540 nou
453 3476 596 3541 habendo
630 3496 663 3540 se
696 3478 864 3559 superbius
893 3477 1071 3541 extulerunt
1097 3478 1286 3561 miserisque

138 3585 322 3648 hominibus
342 3584 532 3649 adiutorium
552 3585 768 3667 deceptorium
790 3585 876 3648 uelut
895 3585 1078 3649 inmortales
1098 3585 1285 3650 mortalibus

136 3693 359 3774 promiserunt.
392 3692 500 3756 Bonus
524 3694 632 3774 itaque
655 3711 814 3772 uerusque
838 3692 995 3756 MedIator
1018 3691 1157 3757 ostendit
1177 3711 1285 3772 peona·

177 3911 406 3980 insperatos,
427 3911 471 3964 ab
527 3911 684 3979 dsolamp
757 3911 1009 3979 humanamquep
1066 3912 1095 3965 ll
1118 3908 1285 3973 dirimendi

138 4016 171 4052 ex
190 4014 222 4053 aa
240 4017 274 4052 m.
290 4003 310 4053 2
328 4015 406 4064 corr,
422 4001 437 4053 b
509 4001 613 4068 tamen]
633 4003 750 4053 autems
823 3999 974 4064 sauelliani,
988 4016 1005 4052 u
1020 4017 1053 4052 m.
1070 3999 1164 4053 aino
1180 4011 1286 4062 eorm

140 4091 173 4142 12
192 4089 239 4160 qui
260 4093 301 4142 est
321 4093 349 4142 et
367 4089 439 4142 filius
460 4089 506 4158 qui
525 4093 568 4142 est
585 4089 657 4142 filius
677 4089 769 4158 (sicle
824 4091 852 4142 et
872 4095 937 4142 ante
955 4089 1069 4142 eundem
1088 4105 1138 4142 om.
1157 4104 1171 4142 a
1220 4093 1286 4156 post

137 4178 255 4232 eundem
274 4195 384 4232 maerens
404 4195 462 4231 esse
482 4195 501 4231 a
575 4179 607 4231 15
627 4193 686 4232 esse
705 4193 755 4232 om.
777 4195 795 4230 a
863 4180 895 4232 16
915 4178 1050 4232 hominem
1069 4194 1120 4233 om.
1141 4194 1160 4230 a
1231 4177 1286 4229 siut

137 4266 210 4337 apud
230 4283 311 4321 eoso
395 4268 426 4319 19
442 4267 525 4335 prius
544 4271 572 4320 et
591 4281 677 4320 onae
754 4268 787 4320 22
817 4283 896 4336 quern
916 4267 944 4320 b¹
1035 4266 1286 4336 qnam—adsumsit

136 4373 225 4412 ome
279 4357 312 4410 27
332 4356 487 4410 mortalium
509 4373 527 4408 a
