3136 4928
270 408 335 470 510
614 401 644 456 Β.
670 399 830 460 turelii
857 399 1076 470 Augustini

270 597 363 680 eique
395 597 427 661 in
460 599 620 661 aeternum
654 595 885 664 cohaerendum
916 595 947 658 in
981 597 1161 660 sanctarum
1193 593 1419 675 scripturarum

270 723 332 787 qua
358 702 560 786 praedicetur
586 702 688 785 adque
716 701 873 767 adseritur
896 701 1031 770 ueritate
1055 701 1247 784 quicumque
1263 719 1333 764 -non
1358 717 1419 764 orc-

270 811 350 876 dunt
376 815 409 876 et
427 811 476 875 ot
504 810 564 874 hoe
592 828 650 875 nec
677 810 877 894 intellegunt,
907 809 1089 894 obpugnare
1115 810 1260 890 possunt,
1285 805 1344 872 sed
1371 825 1419 870 ex-

269 936 408 1002 pugnare
431 936 492 982 non
515 919 661 1001 possunt.

315 1024 512 1108 Quapropter
534 1022 565 1086 in
591 1023 699 1088 decem
722 1021 796 1087 istis
815 1021 916 1098 libris,
936 1021 996 1086 etsi
1015 1020 1121 1086 minus
1141 1039 1235 1103 qnam
1254 1017 1419 1084 nonnullo·
1445 1041 1456 1080 s

269 1149 340 1196 rum
368 1130 406 1195 de
434 1129 525 1194 nobis
554 1129 742 1212 expectabat
767 1129 912 1204 intentio,
940 1132 1048 1193 tamen
1077 1125 1276 1209 quorundam
1302 1124 1418 1200 studio,

270 1240 422 1319 quantum
446 1253 542 1299 uerus
560 1235 648 1300 Deus
673 1237 705 1298 et
723 1234 879 1299 Dominus
903 1235 1053 1298 ediusus
1077 1232 1308 1318 dignatusest,
1329 1229 1418 1296 sotis·

268 1342 402 1407 fecimus
438 1341 602 1406 refutando
641 1340 905 1406 contradictiones
951 1340 1119 1422 inpiorum,
1163 1339 1217 1421 qui
1263 1337 1419 1403 conditori

268 1452 396 1515 sanctas
419 1447 572 1526 ciuitatis,
592 1447 630 1512 de
654 1467 715 1530 qua
735 1447 897 1532 disputare
915 1447 1124 1526 instituimus,
1144 1447 1219 1511 deos
1236 1464 1315 1510 suos
1334 1463 1417 1527 prae-

268 1556 381 1622 ferunt.
418 1555 561 1635 Quorum
590 1555 698 1620 decem
720 1554 874 1618 librorum
899 1554 1037 1637 quinque
1061 1553 1239 1636 superiores
1264 1553 1416 1616 aduersus
1434 1572 1458 1612 ro

268 1681 323 1728 eos
343 1662 515 1744 conscripti
534 1666 620 1740 sunt,
635 1662 690 1744 qui
708 1665 835 1745 propter
853 1663 936 1727 bono
953 1661 1039 1726 uitae
1058 1660 1154 1725 huius
1173 1660 1250 1724 deos
1270 1657 1416 1724 colendos

268 1770 395 1852 puteot3
426 1769 564 1851 quinque
593 1773 701 1833 autern
729 1769 919 1853 posteriores
948 1767 1102 1833 aduersus
1126 1785 1192 1844 eos,
1216 1765 1270 1848 qui
1296 1764 1416 1830 cultum

269 1875 399 1940 deorum
427 1879 556 1958 propter
582 1876 693 1954 uitam,
718 1893 798 1959 quae
825 1878 899 1958 post
921 1879 1056 1939 mortem
1078 1875 1185 1939 futura
1209 1876 1268 1951 est,
1293 1889 1416 1936 seruan-

268 1981 344 2046 dum
374 1982 563 2047 existimant.
600 1982 758 2065 Deinceps
785 1982 903 2065 itaque,
927 1985 965 2046 ut
991 1981 1022 2045 in
1050 1981 1151 2064 primo
1177 1980 1259 2044 libro
1283 1975 1417 2061 polliciti

269 2107 391 2166 sumus,
418 2087 454 2152 de
484 2088 617 2153 duarum
645 2089 825 2164 ciuitatum,
850 2107 928 2171 ques
955 2088 988 2152 in
1016 2088 1075 2151 hoc
1104 2087 1229 2152 saeculo
1254 2085 1414 2169 perplexas
1432 2105 1454 2146 rs
1544 2081 1545 2156 ᾗ

269 2195 405 2259 diximus
433 2196 633 2279 inuicemque
661 2197 844 2278 permixtas,
869 2198 977 2260 exortu
1006 2199 1039 2259 et
1064 2213 1217 2277 procursu
1246 2197 1278 2258 et
1302 2191 1414 2257 debitis

267 2302 383 2366 finibus
408 2302 493 2385 quod
516 2303 685 2367 dicendum
710 2302 853 2380 arbitmr,
878 2306 1030 2386 quantum
1054 2301 1208 2366 diuinitus
1231 2298 1412 2374 adiuuabor‚

268 2409 438 2492 expediam.
1544 2429 1545 2496 l

709 2689 887 2754 LIBER
922 2689 975 2754 XI.

750 2899 886 2966 CAPUT
910 2901 934 2966 I.
1423 2921 1448 2960 so

268 3043 321 3107 De
351 3062 394 3108 eu
421 3044 536 3125 perte
566 3042 811 3125 operisque
838 3042 1006 3108 duarum
1035 3042 1266 3121 ciuitatum,
1291 3042 1410 3108 idest

268 3150 468 3216 caelestis
498 3149 627 3232 adque
651 3151 847 3228 terrenae,
871 3149 997 3214 initia
1020 3151 1060 3214 et
1081 3149 1186 3215 fines
1211 3149 1410 3232 incipient
1544 3157 1545 3246 l

701 3255 980 3321 demonstrari.

313 3396 486 3462 Ciuitatem
509 3397 568 3462 Dei
597 3397 743 3472 dicimus,
769 3398 860 3462 cuius
890 3417 927 3463 ea
955 3398 1111 3481 scriptura
1133 3399 1226 3464 testis
1251 3401 1312 3476 est,
1337 3416 1411 3481 quae

267 3521 328 3566 non
355 3501 496 3588 fortuitis
525 3503 665 3568 motibus
695 3502 880 3581 animorum,
905 3502 961 3568 sed
988 3503 1079 3586 plane
1109 3523 1252 3569 summae
1282 3504 1448 3588 disposi-as

266 3609 352 3672 tione
371 3607 587 3691 prouidentiae
608 3628 703 3691 super
721 3629 829 3674 omnes
849 3609 989 3676 omnium
1010 3611 1153 3694 gentium
1171 3611 1296 3676 litteras
1312 3611 1413 3676 omnio

267 3714 329 3778 sibi
348 3733 462 3808 genera
480 3715 679 3800 ingeniorum
698 3718 906 3782 humanorum
926 3715 1032 3782 diuina
1051 3718 1206 3783 excellens
1225 3718 1412 3784 auctoritato

303 3943 453 4010 dquame
525 3943 641 3996 ueritate
661 3943 832 3998 credamuse
885 3945 1018 4000 3nonb¹
1092 3949 1120 3999 et
1138 3945 1172 4000 ob
1193 3961 1348 4016 expugnare
1362 3963 1411 4012 pop

265 4034 383 4099 possunt
405 4046 455 4086 nec
478 4031 824 4101 intelleguntoppugnare
847 4037 1002 4103 possuutp
1097 4034 1146 4089 sed
1169 4051 1227 4106 exp.
1251 4021 1278 4094 n'.
1302 4037 1411 4106 possunt

266 4137 300 4174 ra.
321 4121 389 4172 2in
408 4119 530 4189 usurpo
603 4120 717 4175 51ibris
736 4122 832 4176 istisc
904 4122 1117 4192 terpetebate
1184 4123 1287 4178 ldeus
1305 4139 1411 4179 uersae

268 4209 299 4261 ll
315 4208 388 4264 uitae
402 4208 474 4262 bona
489 4209 570 4262 huius
585 4209 712 4264 colendos
728 4210 820 4266 deese
875 4214 908 4267 15
924 4213 1029 4281 quasis
1084 4215 1117 4269 16
1132 4213 1248 4270 diximus
1263 4232 1283 4268 a
1293 4215 1308 4270 t
1320 4215 1410 4284 ipso,-

266 4295 380 4352 dictmus
400 4314 414 4350 c
431 4297 530 4351 Donet.
573 4299 620 4360 ‚22
639 4300 771 4368 incipiant
790 4301 813 4354 V
833 4319 864 4368 ας
881 4301 1048 4372 incipiunto
