3136 4934
340 417 391 470 De
419 416 592 470 ciuitate
621 416 684 470 dei
710 417 775 472 lib.
804 417 893 472 VIIII.
923 436 997 488 cap.
1028 421 1069 474 16.
1215 425 1280 488 433

133 617 307 694 conspectu
330 613 382 677 uel
406 613 574 695 conloquio
598 613 787 689 frumentun
814 617 846 678 et
869 614 948 680 siin
968 619 1090 680 tantum
1112 617 1280 682 curiositas

132 719 386 802 progrederetur,
410 722 447 782 ut
470 720 583 784 uellet:
608 738 746 801 quonam
769 723 862 802 pacto
887 722 1044 804 quispiam
1068 728 1177 804 posset
1199 724 1280 788 inui-

132 831 202 889 tum
227 828 357 910 tangere
381 825 475 889 deum
500 827 551 890 uel
576 826 770 904 daemonem,
792 827 846 908 qui
865 828 925 892 nisi
947 831 1074 911 captum
1094 849 1154 893 non
1175 834 1283 911 potest

132 935 318 1014 passerem?

103 1061 115 1098 a
179 1039 323 1104 Videndo
362 1039 460 1122 igitur
496 1039 683 1122 uisibosque
717 1059 751 1104 se
784 1041 961 1123 praebendo
996 1047 1028 1105 et
1059 1043 1216 1125 loquendo
1250 1048 1282 1108 et

133 1146 290 1210 audiendo
311 1146 342 1211 di
363 1147 566 1229 corporaliter
584 1147 711 1212 misceri
731 1147 912 1213 hominibus
929 1152 1069 1231 possent.
1090 1149 1159 1214 Hoc
1175 1154 1280 1214 autem

134 1252 230 1317 modo
256 1253 421 1317 daemones
446 1253 474 1316 si
498 1251 682 1330 miscentur,
705 1256 741 1316 ut
765 1252 837 1332 diri,
868 1256 899 1316 et
927 1274 987 1318 non
1017 1257 1280 1330 contaminantur,

135 1358 167 1420 di
200 1361 306 1423 autem
341 1359 638 1434 contaminarentur,
673 1359 700 1423 si
733 1359 952 1424 miscerentur:
986 1361 1281 1427 incontaminabiles

135 1466 246 1530 dicunt
270 1465 438 1529 daemones
463 1468 495 1529 et
518 1465 778 1530 contaminabiles
808 1465 893 1530 deos.
928 1466 961 1531 si
991 1470 1095 1532 autem
1130 1468 1282 1533 contami·

92 1595 115 1630 n
135 1575 250 1636 nantur
273 1577 305 1635 et
328 1571 506 1648 daemones,
532 1573 606 1654 quid
630 1572 795 1637 conferunt
817 1573 998 1638 hominibus
1023 1573 1185 1640 adultam
1209 1579 1282 1658 post

134 1681 270 1743 mortem
293 1679 429 1756 beatam,
455 1698 534 1760 quos
559 1679 762 1744 contaminati
792 1680 942 1744 mundare
976 1701 1035 1745 non
1069 1686 1212 1763 possunt,
1246 1684 1282 1744 nt

136 1806 190 1850 eos
216 1785 351 1849 mundos
376 1785 424 1850 dis
448 1785 705 1850 incontaminatis
730 1787 856 1870 possint
883 1787 1064 1870 adiungere,
1092 1788 1173 1853 inter
1201 1807 1280 1870 quos

137 1897 169 1956 et
192 1891 266 1956 illos
290 1892 386 1956 medii
411 1893 577 1956 constituti
602 1896 697 1956 sunt?
737 1893 804 1958 Aut
827 1892 854 1957 si
877 1893 936 1958 hoc
966 1894 1011 1958 eis
1044 1895 1187 1972 beneficii
1220 1915 1281 1958 non

136 1999 313 2074 conferunt,
338 1998 415 2080 quid
432 1999 562 2079 prodest
580 1999 762 2063 hominibus
783 1999 969 2064 daemonum
989 2002 1091 2066 amica
1110 2001 1281 2066 mediatio?

94 2105 184 2168 nAn
223 2107 260 2168 ut
291 2107 365 2186 post
397 2108 529 2169 mortem
564 2124 624 2169 non
659 2105 697 2166 ad
736 2105 810 2168 deos
849 2105 990 2169 homines
1028 2126 1083 2189 per
1115 2107 1282 2171 daemones

136 2215 310 2286 transeant,
336 2210 391 2274 sed
416 2211 513 2275 simul
535 2211 648 2276 uiuant
675 2212 801 2293 utrique
833 2213 1038 2276 contaminati
1068 2232 1104 2278 ac
1136 2233 1191 2297 per
1224 2214 1281 2278 boc

136 2317 241 2382 neutri
278 2317 383 2381 beati?
424 2317 496 2381 Nisi
535 2318 613 2381 forte
648 2317 719 2399 quis
758 2316 843 2380 dicat
873 2336 959 2381 more
993 2317 1197 2402 spongiarum
1229 2320 1283 2383 uel

137 2425 270 2488 huiusce
294 2423 381 2488 modi
404 2443 506 2487 rerum
532 2423 682 2487 mundare
707 2424 874 2488 daemones
896 2424 1013 2488 amicos
1033 2443 1119 2501 suos,
1139 2429 1176 2488 ut
1193 2427 1282 2488 tanto

136 2532 199 2613 ipsi
223 2530 415 2596 sordidiores
438 2530 524 2608 fiant,
549 2534 666 2612 quanto
691 2530 772 2593 fiunt
794 2531 938 2595 homines
959 2530 1004 2594 eis
1024 2530 1115 2594 uelut
1132 2531 1283 2614 tergenti-

94 2662 118 2700 ao
137 2639 197 2702 bus
217 2637 408 2702 mundiores.
430 2635 565 2716 Quodsi
585 2637 630 2700 ita
649 2641 706 2716 est,
728 2637 1042 2702 contaminatioribus
1063 2637 1094 2700 di
1109 2637 1283 2701 miscentur

137 2744 354 2820 daemonibus,
375 2744 439 2827 qui,
458 2763 496 2808 ne
516 2744 812 2819 contaminarentur,
832 2744 997 2807 bominum
1015 2743 1283 2826 propinquitatem

137 2851 481 2933 contrectationemque
506 2851 657 2915 uitarunt.
683 2851 730 2914 An
755 2852 835 2914 forte
861 2850 891 2915 di
920 2852 1056 2934 possunt
1084 2849 1122 2912 ab
1150 2849 1284 2914 bomini-

136 2958 197 3021 bus
221 2957 451 3021 eontaminatos
474 2956 625 3021 mundare
650 2957 828 3028 daemones,¹
853 2975 912 3019 nec
935 2955 972 3020 ab
998 2955 1043 3019 eis
1068 2955 1283 3032 contaminari,

137 3067 169 3128 et
193 3082 229 3128 eo
254 3063 348 3128 modo
372 3081 432 3127 non
456 3066 589 3145 possent
612 3065 644 3126 ct
667 3063 834 3126 homines?
868 3061 946 3141 Quis
971 3061 1047 3126 talia
1070 3062 1197 3138 sentiat,
1222 3062 1284 3126 nisi

94 3194 119 3233 aa
137 3190 232 3253 quem
256 3170 454 3235 fallacissimi
479 3170 645 3234 daemones
670 3169 881 3252 deceperunt?
906 3168 988 3249 Quid
1013 3167 1106 3250 quod,
1131 3168 1159 3232 si
1181 3168 1284 3233 uideri

173 3453 189 3503 2
208 3448 296 3504 uellet
316 3447 358 3501 Cr
364 3465 384 3516 p
396 3448 439 3516 a¹,·
456 3448 559 3502 uellent
578 3449 647 3502 abo
666 3448 763 3501 Donrb.
839 3447 976 3517 quonlam,
995 3449 1005 3500 i
1024 3463 1102 3510 cros,
1126 3447 1148 3500 0
1205 3448 1220 3501 3
1240 3447 1285 3500 uel

138 3539 328 3594 draconetus
400 3537 631 3606 buisibilibusq;,
651 3537 700 3590 bili
715 3537 829 3604 punctio
846 3537 969 3632 delet..e
1041 3552 1173 3590 seems
1243 3537 1284 3590 lo-

138 3663 245 3734 quendo
265 3667 371 3730 ctaup.
392 3663 486 3715 limo
554 3662 724 3730 6possintl
797 3637 1095 3723 8incontaminabiles,
1114 3663 1145 3712 aba
1162 3661 1286 3730 maraine

135 3792 229 3860 plossa
249 3803 331 3842 crosa
349 3805 383 3840 m.
403 3791 423 3840 2
442 3787 570 3856 lepuntur
587 3787 627 3839 De
647 3786 796 3840 mediatore
816 3773 869 3840 dm
889 3771 939 3839 nid
955 3767 1002 3838 ida
1021 3771 1082 3854 xpm,
1102 3802 1115 3837 e
1171 3786 1204 3839 10
1224 3789 1286 3854 post

136 3881 252 3931 mortem
273 3876 307 3930 ad
327 3875 562 3929 uitambeataml
633 3879 821 3945 postmortem
836 3875 943 3928 beatam
959 3892 1018 3942 cup.
1036 3873 1123 3927 ΖΜΟ
1177 3875 1209 3926 14
1227 3890 1284 3925 me-

138 3965 279 4020 ditatioO
328 3967 360 4019 15
375 3965 415 4017 An
432 3965 470 4033 ut]
487 3969 560 4019 autc
616 3966 647 4017 17
663 3964 856 4033 sphongiarum
874 3961 951 4026 0²1¹,
966 3963 1165 4032 sphongearum
1183 3959 1286 4026 C¹el²‚·

137 4055 313 4126 spongiarum
333 4071 347 4106 e
364 4055 395 4107 ira
413 4070 514 4123 marg,
532 4053 664 4123 scngearu
683 4053 726 4106 uel
747 4063 898 4122 spongearu
918 4069 936 4104 α
1022 4053 1056 4105 20
1076 4049 1279 4104 contaminatio·

137 4145 219 4206 ribus,
239 4161 253 4197 r
270 4160 304 4196 m.
325 4146 345 4196 2
362 4144 394 4195 in
411 4160 428 4196 n
449 4159 527 4207 corr,
548 4141 570 4209 l;
590 4142 849 4196 contaminatoribus
869 4150 915 4194 es‘
971 4141 1002 4193 21
1024 4156 1102 4193 nece
1175 4139 1283 4208 propin·

139 4234 278 4304 quitatee
345 4233 379 4284 22
399 4235 512 4300 possunt
532 4231 628 4300 diipa
705 4231 739 4284 23
760 4230 902 4283 daemones
922 4229 1044 4283 mundi
1120 4229 1154 4281 24
1175 4231 1202 4279 et
1221 4234 1287 4280 onte

139 4339 169 4376 eo
188 4338 240 4375 ona.
259 4338 273 4375 s
293 4337 415 4390 eoquep
487 4321 592 4390 possint
611 4322 635 4388 l;
652 4323 768 4390 possunt
787 4337 804 4368 α

165 4449 246 4488 XXXX
260 4447 321 4494 Aug.
337 4456 407 4497 opera
421 4445 496 4487 sectio
509 4445 530 4486 V
544 4457 596 4494 para
612 4445 629 4484 l.
1216 4421 1249 4472 ‘28
