3108 4926
317 435 367 488 De
396 435 570 490 ciuitate
599 435 661 489 dei
688 435 753 490 lib.
781 434 843 489 VII.
872 451 947 505 cap.
973 436 1013 489 11.
1036 437 1077 489 12.
1205 437 1269 500 319

201 635 345 708 Iuppiter
369 635 552 708 omnipotens
575 653 675 710 regum
700 651 853 709 rerumque
877 635 1019 709 deumque

203 724 385 798 Progenitor
408 726 595 800 genetrixque
620 725 715 785 deum.

109 843 220 924 Quare
253 862 329 926 ergo
357 843 462 908 dictus
492 845 540 908 est
569 847 601 908 et
627 842 795 920 Ruminue,
820 861 893 907 cum
922 841 1106 926 diligentius
1136 841 1269 908 fortasse

108 949 347 1031 quaerentibus
370 950 439 1033 ipse
462 949 643 1014 inueniatur
667 968 736 1014 esse
760 949 855 1013 etiam
879 949 935 1013 illa
959 948 1033 1012 diuo
1052 949 1210 1012 Rumina?
1235 947 1268 1013 Si

76 1056 195 1136 renim
226 1056 399 1120 maiestate
428 1057 557 1121 deorum
585 1059 669 1120 recte
697 1055 866 1120 uidebatur
891 1054 1068 1140 indignum,
1093 1059 1131 1118 ut
1152 1055 1184 1119 in
1208 1075 1271 1120 una

108 1163 201 1246 spica
233 1162 384 1227 altered
413 1181 521 1226 curam
549 1162 699 1246 geniculi,
728 1161 826 1226 altera
854 1161 894 1225 ari
922 1161 1059 1226 folliculi
1083 1162 1268 1243 pertineret:

109 1273 235 1352 quante
271 1272 320 1334 est
346 1268 507 1354 indignius
536 1287 631 1332 uuam
659 1289 725 1332 rem
754 1267 905 1346 infimam,
928 1269 961 1332 id
990 1271 1040 1332 est
1063 1273 1099 1332 ut
1122 1267 1269 1332 mammis

108 1376 245 1440 alantur
278 1375 435 1454 animalia,
470 1375 603 1440 duorum
636 1374 765 1440 deorum
798 1377 957 1456 potestate
990 1374 1102 1453 curari,
1136 1392 1268 1458 quornm

109 1484 153 1547 sit
178 1501 271 1548 unus
291 1481 443 1565 Iuppiter,
463 1503 516 1546 rex
538 1484 607 1565 ipse
632 1484 828 1560 cunctorum,
848 1485 880 1545 et
902 1481 962 1546 hoc
983 1486 1135 1565 agatnen
1156 1482 1268 1546 saltem

66 1613 88 1647 10
108 1609 184 1654 cum
218 1590 357 1674 coniuge
386 1609 454 1667 sua,
480 1589 535 1654 sed
563 1609 637 1654 cum
664 1587 797 1674 ignobili
820 1587 926 1652 nescio
951 1607 1013 1670 qua
1036 1588 1183 1666 Rumina,
1208 1587 1270 1652 nisi

110 1697 186 1779 quia
210 1697 288 1780 ipse
314 1698 363 1760 est
381 1696 475 1760 ctiam
495 1697 566 1778 ipsa
578 1695 730 1768 Rumina;
750 1695 907 1772 Ruminus
926 1696 1062 1759 fortasse
1080 1715 1135 1778 pro
1156 1713 1268 1778 eugen-

107 1803 201 1867 tibus
228 1801 383 1879 maribus,
406 1801 544 1865 Rumina
569 1820 625 1883 pro
650 1801 784 1867 leminis.
818 1801 963 1866 Dicerem
988 1801 1103 1884 qnippe
1127 1801 1269 1866 noluisse

108 1909 187 1973 illos
214 1907 290 1972 Ioui
312 1907 498 1972 femininum
522 1927 635 1972 nomen
658 1908 816 1990 inponere,
836 1908 899 1972 nisi
922 1913 955 1973 et
977 1908 1008 1972 in
1032 1908 1097 1972 illis
1121 1908 1268 1972 uersibus

109 2013 313 2100 progenitor
336 2015 550 2100 genetrixque'
568 2015 732 2094 diceretur,
754 2018 786 2080 et
808 2015 890 2079 inter
913 2016 982 2078 eius
1002 2015 1063 2079 alia
1082 2015 1269 2098 cognomina

67 2123 271 2206 relegerem,
292 2121 376 2204 quod
401 2122 497 2186 etiam
516 2123 655 2187 Pecunia
678 2125 854 2200 uocaretur,
873 2141 967 2204 quarn
987 2120 1079 2186 deam
1096 2121 1177 2186 inter
1194 2121 1268 2184 illes

109 2227 367 2293 minuscularios
390 2228 571 2293 inuenimus
596 2229 629 2292 et
652 2227 681 2292 in
708 2231 818 2310 quarto
837 2227 917 2294 libro
938 2227 1267 2293 commemorauimue.

111 2335 176 2400 Sed
204 2353 283 2399 cum
307 2336 339 2397 et
360 2353 462 2398 mares
488 2337 519 2398 et
541 2334 676 2399 feminae
699 2333 836 2399 habeant
858 2333 1035 2417 pecuniam,
1056 2353 1138 2416 quur
1156 2351 1216 2398 non
1238 2337 1270 2397 et

110 2441 260 2506 Pecunia
284 2444 317 2504 et
334 2439 493 2505 Pecunius
517 2441 694 2523 appellatus
719 2441 771 2518 sit,
792 2440 877 2505 sicut
894 2440 1032 2505 Rumina
1051 2443 1083 2503 et
1101 2439 1268 2518 Ruminus,

109 2548 175 2630 ipsi
201 2546 355 2612 uiderint.

66 2737 92 2776 eo
582 2705 719 2770 CAPUT
742 2705 813 2770 XII.

214 2843 329 2924 Quod
353 2845 542 2928 luppiter
565 2847 687 2910 etiam
709 2846 888 2910 Pecunia
911 2849 1177 2929 nuncupetur.

159 2987 270 3070 Quam
299 3005 374 3051 uero
403 2987 563 3070 eleganter
590 2987 743 3052 rationem
771 2987 867 3052 buius
891 2987 1027 3052 nominis
1051 2987 1268 3053 reddiderunt!

112 3095 166 3160 ‘Iit
200 3093 354 3170 Pecunia,
386 3094 544 3177 inquiunt,
578 3100 721 3168 uocatur,
755 3095 839 3176 quod
872 3095 940 3159 eius
974 3098 1048 3160 sunt
1080 3097 1203 3161 emnia'.
1243 3093 1268 3160 Ο

114 3219 267 3286 magnam
292 3200 446 3264 rationem
471 3201 570 3265 diuini
594 3201 744 3266 neminis!
769 3203 870 3266 Immo
895 3222 970 3267 uero
994 3203 1059 3279 ille,
1081 3202 1172 3266 cuius
1197 3207 1271 3266 sunt

69 3309 237 3389 comnia,
272 3307 429 3373 uilissime
462 3312 493 3372 et
530 3309 851 3374 contumeliosissime
884 3309 1024 3373 Pecunia
1060 3313 1269 3392 nuncupatur.

113 3415 166 3479 Ad
199 3415 306 3478 emnia
338 3415 430 3494 enim,
461 3434 540 3498 quae
569 3416 655 3480 caelo
689 3419 720 3479 et
752 3421 834 3480 terra
867 3415 1075 3493 continentur,
1112 3416 1188 3498 quid
1222 3421 1271 3481 est

114 3521 257 3605 pecunia
279 3521 311 3584 in
337 3521 482 3586 omnibus
508 3521 633 3586 omnino
656 3522 761 3597 rebus,
782 3541 861 3605 quae
886 3523 923 3586 ab
944 3521 1125 3586 bominibus
1144 3523 1271 3588 nomine

214 3739 248 3792 16
267 3755 289 3792 c.
309 3739 342 3792 21

153 3864 224 3917 3et
243 3861 331 3917 dictus
351 3867 429 3934 estq
499 3862 601 3916 4dina
619 3879 704 3918 orme
776 3865 982 3918 bmaiestatie
1056 3862 1272 3916 611111111110112

118 3989 152 4042 11
176 3989 229 4048 eet,
248 3987 281 4040 e'n
298 4005 384 4058 marg.
404 3967 489 4050 cete
563 3989 595 4041 14
615 3988 668 4041 elic
686 3989 778 4043 eiuso
850 3990 884 4043 16
902 3986 1158 4042 minuscularinose
1231 3989 1269 4057 et]

118 4081 204 4130 aute
259 4077 291 4129 21
311 4080 483 4146 nuncupatur
497 4093 518 4144 p
572 4077 607 4129 22
627 4075 767 4146 eliganter,
787 4077 797 4130 1
815 4095 850 4132 m.
870 4082 889 4131 2
908 4094 940 4132 ex
959 4094 973 4130 e
993 4075 1118 4141 corr.,0
1176 4075 1210 4129 23
1229 4077 1271 4130 in-

119 4167 222 4236 quiunt
243 4163 459 4233 Cobdelpo;
476 4165 566 4234 inquit
585 4165 676 4234 qa¹b¹
696 4165 795 4220 Denrb.
899 4165 1039 4234 bomiual
1087 4227 1091 4234 Ι
1110 4165 1145 4218 24
1164 4163 1271 4234 diuinis,

119 4254 133 4308 l
150 4269 233 4314 eros,
256 4253 279 4306 0
354 4252 472 4305 numinis
491 4269 505 4304 e
576 4253 610 4306 25
629 4253 873 4325 uilissimelll,'f,'fjl
893 4259 921 4308 et
941 4257 1068 4316 contum..
1087 4255 1181 4315 crans,
1201 4269 1272 4321 quoe

119 4343 164 4396 bis
177 4341 277 4410 posito
296 4347 377 4394 eram
396 4345 424 4393 et
443 4343 571 4409 comtum,
594 4341 618 4394 0
685 4347 875 4412 nuncupantur
894 4359 907 4397 e
