3072 4928
380 449 431 502 De
459 448 632 502 ciuitate
661 447 722 502 dei
748 447 814 501 lib.
842 448 892 504 lll.
922 464 995 518 cap.
1027 449 1067 502 14.
1240 453 1302 516 127

147 644 301 728 quoniam
334 644 434 722 fleuit,
469 643 572 708 occisa
605 647 663 708 est.
706 643 881 708 Humanior
912 643 1009 708 huius
1041 643 1136 708 unius
1169 643 1304 709 feminae

149 770 246 833 quam
280 751 422 815 uniuersi
455 750 564 832 populi
591 749 725 814 Romani
753 749 832 814 mihi
865 749 963 815 luisse
991 749 1120 815 uidetur
1148 749 1302 816 adfectus.

147 859 213 923 Illa
239 877 334 940 quem
362 855 467 921 uirum
496 856 558 921 iam
586 855 648 920 lide
676 855 780 920 media
806 855 972 934 retinebat,
1003 860 1058 920 aut
1091 857 1171 922 forte
1205 857 1300 922 etiam

148 967 258 1047 ipsum
286 963 414 1029 fratrem
443 963 562 1040 dolens,
588 962 641 1046 qui
671 982 743 1027 eum
767 962 926 1028 occiderat
949 963 1001 1027 cui
1025 981 1163 1028 sororem
1187 965 1303 1045 promi-

112 1074 246 1150 sserat,
274 1074 353 1154 puto
383 1069 467 1154 quod
495 1088 555 1134 non
585 1069 787 1152 culpabiliter
814 1069 947 1134 fleuerit.
990 1068 1080 1134 Unde
1109 1070 1192 1134 anim
1225 1075 1302 1153 aput

148 1177 330 1263 Vergilium
358 1177 430 1260 pius
458 1177 581 1241 Aeneas
610 1175 813 1240 landabiliter
846 1175 932 1240 dolet
963 1177 1088 1242 hostem
1121 1176 1216 1240 etiam
1245 1195 1303 1240 sua

149 1286 330 1367 peremtum
367 1287 486 1348 manu?
533 1282 622 1348 Unde
660 1283 833 1347 Marcellus
872 1281 1101 1366 Syracusanam
1139 1283 1302 1347 ciuitatem

148 1392 294 1456 recolens
323 1391 392 1455 eius
419 1391 514 1474 paulo
543 1393 615 1455 ante
644 1390 769 1454 culmen
795 1393 826 1454 et
849 1390 981 1475 gloriam
1006 1390 1065 1455 sub
1089 1409 1202 1453 manus
1227 1409 1300 1455 suas

149 1497 258 1564 subito
296 1496 470 1562 concidisse
514 1515 713 1561 communem
755 1496 899 1580 cogitans
942 1495 1157 1561 condicionem
1197 1495 1299 1561 fiendo

104 1625 131 1664 ιο
149 1605 321 1669 miseratus
355 1605 426 1667 est?
468 1602 591 1683 Quaeso
626 1601 663 1666 ab
697 1603 833 1667 humano
866 1603 1060 1686 inpetremus
1094 1602 1230 1680 adfectu,
1264 1607 1301 1667 ut

148 1711 268 1775 femina
297 1728 448 1793 sponsum
476 1729 571 1774 suum
599 1730 617 1773 a
644 1709 737 1774 fratre
767 1727 825 1774 suo
858 1712 1035 1793 peremtum
1068 1709 1136 1774 sine
1170 1709 1300 1775 crimine

148 1817 284 1896 deuenit,
306 1817 333 1881 si
357 1817 418 1881 uiri
442 1817 551 1881 hostes
575 1835 593 1880 a
617 1835 650 1880 se
673 1816 777 1881 uictos
801 1816 898 1881 etiam
922 1835 994 1882 cum
1017 1815 1111 1881 lande
1134 1815 1298 1880 fleuerunt.

149 1925 233 2006 Ergo
267 1942 383 2006 sponso
416 1942 434 1986 a
466 1923 561 1987 fratre
592 1923 724 1987 inlatam
761 1926 894 1988 mortem
934 1923 1057 2004 quando
1095 1923 1212 1987 femina
1243 1922 1299 1986 illa

147 2029 256 2106 flebat,
281 2034 357 2094 tunc
386 2049 419 2093 se
445 2033 551 2094 contra
579 2032 710 2094 matrem
735 2029 898 2094 ciuitatem
921 2033 1010 2094 tanta
1034 2033 1139 2113 strage
1162 2029 1299 2094 bellasse

105 2159 130 2199 a
149 2141 181 2200 et
207 2138 297 2200 tanta
323 2135 396 2200 hinc
426 2138 457 2200 et
483 2135 555 2199 inde
584 2135 711 2220 cognati
735 2136 855 2201 cruoris
879 2135 1032 2201 effusione
1055 2135 1173 2200 uicisse
1197 2135 1297 2200 Roma

148 2242 317 2325 gaudebat.

193 2347 279 2429 Quid
310 2348 391 2412 mihi
423 2348 604 2414 obtenditur
636 2369 749 2414 nomen
780 2348 886 2413 laudis
918 2367 1095 2433 nomenque
1122 2349 1296 2414 uictoriae?

148 2455 293 2520 Remotis
321 2455 496 2520 obstaculis
520 2456 647 2519 insanae
671 2455 828 2538 opinionis
852 2455 991 2520 facinora
1013 2455 1098 2520 nuda
1121 2460 1297 2534 cernantur,

149 2560 233 2624 nuda
261 2564 444 2643 pensentur,
468 2561 553 2624 nuda
574 2561 764 2638 iudicentur.
804 2560 907 2626 Causa
931 2560 1055 2626 dicetur
1077 2561 1187 2641 Albae,
1212 2561 1297 2627 sicut

106 2693 132 2734 ao
149 2665 260 2732 Troiae
275 2666 466 2731 adulterium
483 2665 655 2732 dicebatur.
678 2667 774 2732 Nulla
789 2668 874 2746 talis,
890 2667 977 2732 nulla
992 2667 1104 2732 similis
1123 2667 1297 2746 insanitum

148 2776 274 2838 tantum
297 2775 335 2837 ut
357 2772 476 2838 resides
500 2778 644 2840 moueret

237 2901 339 2960 Tullus
362 2903 391 2960 in
416 2919 497 2960 arma
518 2903 596 2963 uiros
622 2907 650 2963 et
673 2903 730 2962 iam
755 2904 875 2963 desueta
897 2902 1050 2978 triumphis

237 2991 373 3065 Agmina.

147 3110 207 3174 lllo
235 3109 344 3192 itaque
373 3111 453 3176 uitio
477 3114 600 3176 tantum
631 3112 735 3177 scelus
760 3114 974 3196 perpetratum
998 3116 1047 3178 est
1070 3111 1196 3178 socialis
1219 3111 1295 3176 belli

108 3213 250 3298 aedque
282 3219 419 3301 cognati,
448 3218 533 3300 quod
564 3217 681 3282 uitium
710 3218 882 3284 Sallustius
914 3238 1065 3304 magnum
1098 3222 1296 3284 transeunter

148 3322 294 3406 adtingit.
320 3323 401 3389 Cum
415 3324 498 3389 enim
512 3325 645 3390 laudans
661 3325 801 3391 breuiter
820 3325 997 3409 antiquiora
1015 3329 1297 3391 commemorasset

148 3431 301 3513 tempora,
326 3430 448 3513 quando
477 3431 545 3496 uita
571 3431 735 3496 homiuum
765 3433 832 3497 sine
860 3431 1037 3516 cupiditate
1060 3432 1241 3517 agitabatur
1263 3436 1296 3497 et

149 3553 206 3598 sua
239 3535 354 3619 cuique
387 3536 465 3602 satis
498 3538 678 3620 placebant:
711 3539 837 3604 ‘Postea
868 3557 956 3616 uero,
988 3539 1102 3622 inquit,
1136 3559 1229 3622 quam
1261 3540 1293 3603 in

148 3640 223 3706 Asia
252 3641 363 3726 Cyrus,
386 3642 418 3707 in
448 3642 579 3709 Graecia
601 3644 841 3710 Lacedaemonii
869 3649 901 3710 et
922 3645 1134 3712 Athenienses
1163 3665 1294 3728 coepere

236 3859 253 3912 6
271 3857 337 3912 Aen.
357 3857 390 3922 X,
409 3857 460 3911 821
482 3875 541 3928 sqq.
596 3860 630 3912 22
651 3857 732 3929 Verg.
752 3860 818 3914 Aen.
839 3861 885 3928 Vl,
904 3861 957 3916 814
977 3879 1015 3931 sq.
1071 3863 1106 3916 28
1126 3861 1185 3918 oar.
1205 3863 1221 3915 2

183 3999 464 4070 5culpauiliterLA
518 3999 603 4053 dsua
622 4001 777 4056 etialel
833 4003 947 4056 lmanu
966 4019 1017 4056 om.
1036 4001 1077 4068 0¹,
1095 4002 1294 4072 supersueC²

151 4089 182 4140 14
200 4087 360 4142 fleuatLb
418 4089 448 4142 17
470 4088 673 4158 optenditurL
734 4089 768 4144 20
788 4089 972 4144 dissuaturL
1031 4093 1064 4146 26
1084 4090 1292 4145 brebiterLC¹

150 4177 300 4245 antiquiora
319 4177 378 4231 LA
389 4194 407 4230 a
418 4176 433 4230 b
445 4177 602 4246 depqnt¹
616 4183 673 4243 fra·
697 4179 867 4249 antiquorum
891 4179 1042 4246 ODomb.;
1062 4181 1245 4250 antiquiorum
1264 4179 1293 4234 pa

151 4280 369 4319 commemorasse
392 4264 424 4319 0¹
497 4267 530 4320 27
551 4267 707 4336 agitauatur
726 4267 752 4320 L
825 4269 859 4322 28
878 4268 973 4338 inquid
995 4269 1027 4322 Ol
1100 4270 1134 4324 29
1154 4272 1182 4323 et
1200 4269 1291 4337 codd.;

150 4357 261 4423 atquae
334 4371 468 4425 quaepere
487 4354 557 4409 ΕΛ1
