3164 4932
634 451 660 504 S.
689 451 846 504 Aurelii
873 449 1091 520 Augustini

722 645 902 709 LIBER
938 643 1009 710 XII.

771 873 908 940 CAPUT
932 876 957 938 Ι.

339 1019 393 1083 De
418 1037 489 1083 una
511 1017 690 1082 bonorum
716 1017 931 1101 angelorum
957 1017 1217 1100 malorumque
1241 1021 1388 1083 natura.

331 1163 510 1243 Antequam
535 1160 573 1222 de
596 1159 798 1223 institutione
822 1157 959 1222 bominis
984 1158 1098 1234 dicam,
1122 1159 1178 1223 ubi
1202 1159 1339 1224 duarum
1364 1160 1445 1226 cini·

287 1273 401 1345 tatum,
439 1270 592 1350 quantum
629 1265 668 1330 ad
705 1265 907 1330 rationalium
944 1265 1129 1330 mortalium
1167 1283 1269 1349 genus
1307 1267 1444 1344 adtinet„
1479 1295 1492 1331 s

288 1375 451 1458 apparebit
478 1375 615 1450 exortus,
645 1371 730 1436 sicut
758 1370 919 1453 superiora
946 1371 1027 1436 libro
1053 1372 1237 1454 apparuisse
1260 1373 1293 1437 in
1318 1373 1444 1458 angelis

288 1485 350 1546 iam
374 1481 515 1546 uidetur:
545 1479 633 1563 prius
656 1477 736 1543 mihi
760 1478 914 1560 quaedam
939 1477 1079 1560 deipsis
1104 1479 1226 1562 angelis
1250 1479 1345 1544 uideo
1370 1499 1444 1544 esse

289 1588 429 1667 dicanda,
459 1587 575 1670 quibus
599 1585 843 1663 demonstretur,
869 1587 1022 1667 quantum
1047 1603 1065 1648 a
1087 1584 1179 1650 nobis
1201 1587 1320 1667 potest,
1345 1604 1444 1666 quam

287 1714 349 1761 non
385 1693 610 1759 inconneniens
647 1711 748 1774 nequa
784 1693 958 1776 incongrua
996 1690 1121 1756 dicatur
1154 1709 1225 1756 esse
1253 1690 1443 1757 hominibus

288 1801 472 1884 angelisque
495 1800 642 1876 societas,
665 1803 703 1863 ut
726 1818 786 1864 non
811 1802 962 1882 quattuor
985 1799 1080 1882 (duae
1105 1798 1230 1864 scilicet
1251 1797 1444 1881 angelorum
1465 1828 1492 1866 ιο

287 1907 485 1989 totidemque
521 1903 711 1990 hominum),
745 1905 801 1970 sed
839 1905 918 1970 duae
955 1906 1062 1988 potins
1100 1905 1258 1985 ciuitates,
1295 1905 1357 1969 boc
1391 1909 1446 1970 est

289 2015 469 2090 societates,
493 2013 604 2076 merito
629 2030 699 2076 esse
723 2012 876 2086 dicantur,
901 2031 963 2076 una
985 2013 1017 2077 iu
1040 2013 1143 2090 bonis,
1167 2011 1267 2076 altera
1289 2011 1322 2075 in
1344 2011 1444 2075 malis

289 2141 349 2188 non
374 2121 479 2186 solum
504 2120 637 2203 angelis,
661 2139 772 2183 uerum
797 2119 893 2182 etiam
918 2119 1099 2183 bominibus
1124 2118 1329 2184 constitutae.

332 2227 526 2312 Angelorum
559 2226 714 2292 bonorum
747 2228 779 2290 et
810 2226 966 2290 malorum
999 2225 1081 2288 inter·
1113 2243 1147 2288 se
1180 2224 1354 2290 contrarios
1387 2223 1443 2288 ad-

288 2335 408 2418 petitus
432 2353 492 2398 non
517 2335 640 2398 naturis
664 2331 891 2415 principiisque
915 2331 1062 2409 diuersis,
1086 2351 1159 2396 cum
1182 2332 1271 2396 Deus
1295 2331 1442 2396 omnium
1463 2359 1487 2398 rs

289 2440 538 2506 substantiarum
562 2441 663 2505 bonus
685 2441 794 2504 auctor
813 2442 845 2504 et
864 2439 1007 2504 conditor
1026 2443 1179 2520 utrosque
1199 2439 1365 2516 creauerit,
1381 2441 1441 2504 sed

289 2547 508 2613 uoluntatibus
542 2549 574 2610 et
607 2545 836 2628 cupiditatibus
866 2545 1009 2611 extitisse
1038 2545 1182 2610 dubitare
1210 2545 1258 2609 fas
1285 2564 1347 2610 non
1378 2553 1441 2612 est.

289 2655 363 2718 dum
397 2653 451 2717 alii
484 2656 664 2718 constanter
695 2653 727 2716 in
761 2652 923 2716 communi
955 2651 1101 2716 omnibus
1135 2650 1227 2728 bono,
1255 2651 1340 2732 quod
1370 2651 1442 2735 ipse

287 2760 353 2825 illis
376 2760 464 2824 Deus
490 2762 549 2836 est,
574 2757 676 2842 adque
699 2759 731 2823 in
755 2759 824 2823 eius
848 2758 1032 2824 aeternitate
1056 2757 1190 2822 ueritate
1215 2757 1347 2822 caritate
1372 2777 1442 2841 per·

288 2867 421 2943 sistunt;
446 2866 500 2930 alii
523 2886 581 2932 sua
602 2869 762 2949 potestate
785 2865 891 2948 potius
917 2863 1075 2940 delectati,
1093 2864 1187 2928 uelut
1203 2864 1323 2928 bonum
1342 2884 1439 2930 suuni
1459 2891 1486 2928 ao

288 2973 349 3038 sibi
377 2973 440 3055 ipsi
468 2975 583 3048 essent,
609 2992 627 3036 a
650 2972 810 3055 superiore
835 2973 995 3036 communi
1019 2971 1162 3036 omnium
1186 2970 1333 3036 beatifico
1356 2971 1462 3036 bono·

289 3081 328 3144 ad
351 3079 476 3163 propria
500 3079 697 3143 defluxerunt
720 3081 752 3143 et
774 3079 926 3144 babentes
952 3077 1097 3143 elationis
1120 3077 1239 3142 fastum
1263 3097 1319 3159 pro
1341 3079 1440 3142 excel-

288 3187 416 3252 sissima
439 3186 634 3263 aeternitate,
659 3187 809 3250 uanitatis
834 3185 985 3250 astutiam
1010 3205 1065 3268 pro
1091 3185 1268 3250 certissima
1289 3184 1441 3252 ueritate.

289 3293 395 3358 studia
422 3293 559 3376 partium
588 3312 644 3376 pro
672 3291 838 3358 indiuidua
862 3293 993 3357 caritate
1022 3291 1151 3374 superbi
1178 3291 1309 3356 fallaces
1337 3289 1441 3354 incidi

288 3400 391 3462 effecti
420 3403 504 3466 sunt.
546 3399 759 3464 Beatitudinis
787 3399 888 3482 igitur
913 3399 1042 3463 illorum
1071 3415 1167 3462 causa
1195 3399 1246 3461 est
1268 3396 1441 3461 adhaerere
1460 3423 1487 3463 ss

290 3507 370 3582 Deo;
396 3506 544 3588 quocirca
566 3506 701 3570 istorum
721 3505 865 3570 miseriae
890 3524 984 3570 causa
1008 3523 1044 3570 ex
1066 3504 1221 3570 contrario
1246 3505 1296 3568 est
1315 3503 1441 3568 intelle·

289 3612 400 3694 gemla,
431 3609 514 3693 quod
542 3613 592 3676 est
619 3630 680 3677 non
705 3611 873 3675 adhaerere
897 3612 975 3675 Deo.
1019 3609 1276 3690 Quamobrem
1301 3609 1341 3688 si,
1366 3629 1439 3675 cum

289 3718 460 3801 quaeritur,
490 3736 584 3800 quare
612 3717 660 3782 illi
686 3717 770 3781 beati
800 3717 874 3794 sint,
902 3723 987 3782 recte
1010 3715 1233 3799 respondetur:
1262 3713 1346 3794 Quia
1370 3716 1441 3781 Deo

289 3825 471 3901 adhaerens
510 3827 542 3889 et
579 3844 651 3888 cnm
691 3824 860 3906 quaeritur,
901 3843 981 3906 quur
1016 3823 1069 3887 isti
1105 3821 1168 3886 sint
1199 3823 1319 3900 miseri,
1353 3825 1443 3887 recte

324 4095 340 4148 3
361 4095 546 4164 malommque
567 4095 725 4164 angelorum
743 4112 774 4161 c;
792 4094 977 4163 malorumque
997 4109 1046 4146 ona.
1058 4109 1080 4161 p
1135 4094 1151 4146 5
1171 4093 1291 4147 attineat
1310 4099 1321 4147 i
1375 4095 1390 4148 6
1411 4095 1442 4147 in

288 4183 358 4237 libro
378 4185 549 4253 superiores
604 4183 766 4237 9diciture
821 4183 854 4237 10
874 4182 990 4236 societas
1009 4182 1051 4251 ut]
1071 4180 1176 4235 sociata
1195 4184 1283 4235 snntt
1338 4183 1370 4236 12
1387 4179 1441 4236 bo·

290 4272 343 4341 nis]
363 4272 474 4324 nobisc
538 4275 571 4326 14
592 4271 789 4325 contrariusV
844 4271 878 4325 19
897 4274 926 4324 et
944 4271 1091 4324 caritates
1149 4270 1184 4323 22
1203 4270 1308 4324 fastui
1360 4270 1393 4323 2⁷
1415 4273 1441 4324 si

290 4375 340 4414 om.
362 4375 380 4411 α
433 4359 468 4413 28
488 4358 637 4413 adhaerent
655 4359 748 4414 Dcoo
803 4360 836 4413 29
857 4365 921 4413 sunt
943 4358 978 4411 V¹
