<?xml version="1.0" encoding="UTF-8"?>
<!DOCTYPE html PUBLIC "-//W3C//DTD XHTML 1.0 Transitional//EN"
    "http://www.w3.org/TR/xhtml1/DTD/xhtml1-transitional.dtd">
<html xmlns="http://www.w3.org/1999/xhtml" xml:lang="en" lang="en">
 <head>
  <title>
</title>
<meta http-equiv="Content-Type" content="text/html;charset=utf-8" />
  <meta name='ocr-system' content='tesseract 3.04.00' />
  <meta name='ocr-capabilities' content='ocr_page ocr_carea ocr_par ocr_line ocrx_word'/>
</head>
<body>
  <div class='ocr_page' id='page_1' title='image "./corpusscriptoru20wiengoog_0183.png"; bbox 0 0 3072 4928; ppageno 0'>
   <div class='ocr_carea' id='block_1_1' title="bbox 250 409 1050 480">
    <p class='ocr_par' dir='ltr' id='par_1_1' title="bbox 250 409 1050 480">
     <span class='ocr_line' id='line_1_1' title="bbox 250 409 1050 480; baseline -0.023 0"><span class='ocrx_word' id='word_1_1' title='bbox 250 417 312 480; x_wconf 83' lang='lat'>152</span> <span class='ocrx_word' id='word_1_2' title='bbox 591 411 618 466; x_wconf 87' lang='lat' dir='ltr'>S.</span> <span class='ocrx_word' id='word_1_3' title='bbox 646 411 803 465; x_wconf 84' lang='lat' dir='ltr'>Aurelii</span> <span class='ocrx_word' id='word_1_4' title='bbox 830 409 1050 480; x_wconf 80' lang='lat' dir='ltr'><strong>Augustini</strong></span> 
     </span>
    </p>
   </div>
   <div class='ocr_carea' id='block_1_2' title="bbox 171 603 1441 2921">
    <p class='ocr_par' dir='ltr' id='par_1_2' title="bbox 171 603 1441 2921">
     <span class='ocr_line' id='line_1_2' title="bbox 248 603 1398 688; baseline -0.003 -17"><span class='ocrx_word' id='word_1_5' title='bbox 248 607 430 684; x_wconf 90' lang='lat' dir='ltr'>uoluerunt,</span> <span class='ocrx_word' id='word_1_6' title='bbox 454 624 514 670; x_wconf 89' lang='lat' dir='ltr'>non</span> <span class='ocrx_word' id='word_1_7' title='bbox 543 604 588 670; x_wconf 90' lang='lat' dir='ltr'>ibi</span> <span class='ocrx_word' id='word_1_8' title='bbox 615 605 723 688; x_wconf 90' lang='lat' dir='ltr'>potius</span> <span class='ocrx_word' id='word_1_9' title='bbox 753 603 862 668; x_wconf 89' lang='lat' dir='ltr'>aedem</span> <span class='ocrx_word' id='word_1_10' title='bbox 885 603 1069 670; x_wconf 88' lang='lat' dir='ltr'>Discordiae</span> <span class='ocrx_word' id='word_1_11' title='bbox 1098 604 1312 668; x_wconf 80' lang='lat' dir='ltr'>fabricarunt?</span> <span class='ocrx_word' id='word_1_12' title='bbox 1349 604 1398 668; x_wconf 81' lang='lat' dir='ltr'>An</span> 
     </span>
     <span class='ocr_line' id='line_1_3' title="bbox 248 709 1400 794; baseline -0.003 -18"><span class='ocrx_word' id='word_1_13' title='bbox 248 713 315 777; x_wconf 91' lang='lat' dir='ltr'>ulla</span> <span class='ocrx_word' id='word_1_14' title='bbox 343 713 422 777; x_wconf 90' lang='lat' dir='ltr'>ratio</span> <span class='ocrx_word' id='word_1_15' title='bbox 451 711 603 789; x_wconf 74' lang='lat' dir='ltr'>redditur,</span> <span class='ocrx_word' id='word_1_16' title='bbox 628 731 709 794; x_wconf 89' lang='lat' dir='ltr'>quur·</span> <span class='ocrx_word' id='word_1_17' title='bbox 733 709 908 776; x_wconf 78' lang='lat' dir='ltr'>Concordia</span> <span class='ocrx_word' id='word_1_18' title='bbox 936 710 994 774; x_wconf 87' lang='lat' dir='ltr'>dea</span> <span class='ocrx_word' id='word_1_19' title='bbox 1018 711 1070 790; x_wconf 87' lang='lat' dir='ltr'>sit,</span> <span class='ocrx_word' id='word_1_20' title='bbox 1095 713 1127 774; x_wconf 91' lang='lat' dir='ltr'>et</span> <span class='ocrx_word' id='word_1_21' title='bbox 1150 709 1318 776; x_wconf 82' lang='lat' dir='ltr'>Discordia</span> <span class='ocrx_word' id='word_1_22' title='bbox 1341 711 1400 774; x_wconf 85' lang='lat' dir='ltr'>dea</span> 
     </span>
     <span class='ocr_line' id='line_1_4' title="bbox 248 816 1398 897; baseline -0.003 -13"><span class='ocrx_word' id='word_1_23' title='bbox 248 839 310 884; x_wconf 92' lang='lat' dir='ltr'>non</span> <span class='ocrx_word' id='word_1_24' title='bbox 339 819 391 897; x_wconf 88' lang='lat' dir='ltr'>sit,</span> <span class='ocrx_word' id='word_1_25' title='bbox 420 824 457 882; x_wconf 87' lang='lat' dir='ltr'>ut</span> <span class='ocrx_word' id='word_1_26' title='bbox 485 818 658 883; x_wconf 91' lang='lat' dir='ltr'>secundum</span> <span class='ocrx_word' id='word_1_27' title='bbox 687 817 842 882; x_wconf 82' lang='lat' dir='ltr'>Labeonis</span> <span class='ocrx_word' id='word_1_28' title='bbox 872 817 1107 881; x_wconf 75' lang='lat' dir='ltr'>distinctionem</span> <span class='ocrx_word' id='word_1_29' title='bbox 1135 816 1217 880; x_wconf 86' lang='lat' dir='ltr'>bona</span> <span class='ocrx_word' id='word_1_30' title='bbox 1250 816 1293 880; x_wconf 93' lang='lat' dir='ltr'>sit</span> <span class='ocrx_word' id='word_1_31' title='bbox 1325 816 1398 892; x_wconf 83' lang='lat' dir='ltr'>ista,</span> 
     </span>
     <span class='ocr_line' id='line_1_5' title="bbox 171 922 1400 1006; baseline -0.003 -16"><span class='ocrx_word' id='word_1_32' title='bbox 171 939 175 948; x_wconf 91' lang='lat'>&#39;</span> <span class='ocrx_word' id='word_1_33' title='bbox 248 925 305 990; x_wconf 92' lang='lat' dir='ltr'>illa</span> <span class='ocrx_word' id='word_1_34' title='bbox 332 944 407 990; x_wconf 90' lang='lat' dir='ltr'>uero</span> <span class='ocrx_word' id='word_1_35' title='bbox 436 925 540 992; x_wconf 83' lang='lat' dir='ltr'>mala?</span> <span class='ocrx_word' id='word_1_36' title='bbox 577 924 643 990; x_wconf 90' lang='lat' dir='ltr'>Nec</span> <span class='ocrx_word' id='word_1_37' title='bbox 671 925 741 1006; x_wconf 91' lang='lat' dir='ltr'>ipse</span> <span class='ocrx_word' id='word_1_38' title='bbox 770 923 857 989; x_wconf 87' lang='lat' dir='ltr'>aliud</span> <span class='ocrx_word' id='word_1_39' title='bbox 885 927 1014 988; x_wconf 89' lang='lat' dir='ltr'>secutus</span> <span class='ocrx_word' id='word_1_40' title='bbox 1042 922 1172 988; x_wconf 91' lang='lat' dir='ltr'>uidetur</span> <span class='ocrx_word' id='word_1_41' title='bbox 1195 943 1289 1005; x_wconf 88' lang='lat' dir='ltr'>quam</span> <span class='ocrx_word' id='word_1_42' title='bbox 1315 923 1400 1006; x_wconf 87' lang='lat' dir='ltr'>quod</span> 
     </span>
     <span class='ocr_line' id='line_1_6' title="bbox 250 1029 1441 1114; baseline -0.003 -18"><span class='ocrx_word' id='word_1_43' title='bbox 250 1032 389 1096; x_wconf 89' lang='lat' dir='ltr'>aduertit</span> <span class='ocrx_word' id='word_1_44' title='bbox 406 1033 525 1097; x_wconf 86' lang='lat' dir='ltr'>Romae</span> <span class='ocrx_word' id='word_1_45' title='bbox 545 1031 640 1098; x_wconf 91' lang='lat' dir='ltr'>etiam</span> <span class='ocrx_word' id='word_1_46' title='bbox 656 1030 758 1108; x_wconf 83' lang='lat' dir='ltr'>Fabri,</span> <span class='ocrx_word' id='word_1_47' title='bbox 775 1031 858 1094; x_wconf 89' lang='lat' dir='ltr'>sicut</span> <span class='ocrx_word' id='word_1_48' title='bbox 877 1029 991 1108; x_wconf 85' lang='lat' dir='ltr'>Saluti,</span> <span class='ocrx_word' id='word_1_49' title='bbox 1006 1029 1161 1114; x_wconf 89' lang='lat' dir='ltr'>templum</span> <span class='ocrx_word' id='word_1_50' title='bbox 1181 1030 1400 1095; x_wconf 88' lang='lat' dir='ltr'>constitutum.</span> <span class='ocrx_word' id='word_1_51' title='bbox 1430 1053 1441 1092; x_wconf 80' lang='lat' dir='ltr'>s</span> 
     </span>
     <span class='ocr_line' id='line_1_7' title="bbox 249 1135 1401 1223; baseline -0.002 -21"><span class='ocrx_word' id='word_1_52' title='bbox 249 1138 295 1204; x_wconf 87' lang='lat' dir='ltr'>Eo</span> <span class='ocrx_word' id='word_1_53' title='bbox 315 1139 408 1204; x_wconf 91' lang='lat' dir='ltr'>modo</span> <span class='ocrx_word' id='word_1_54' title='bbox 428 1139 527 1223; x_wconf 86' lang='lat' dir='ltr'>igitur·</span> <span class='ocrx_word' id='word_1_55' title='bbox 545 1157 606 1202; x_wconf 91' lang='lat' dir='ltr'>non</span> <span class='ocrx_word' id='word_1_56' title='bbox 627 1139 732 1202; x_wconf 88' lang='lat' dir='ltr'>solum</span> <span class='ocrx_word' id='word_1_57' title='bbox 752 1136 954 1215; x_wconf 88' lang='lat' dir='ltr'>Concordiae,</span> <span class='ocrx_word' id='word_1_58' title='bbox 970 1156 1081 1202; x_wconf 84' lang='lat' dir='ltr'>uerum</span> <span class='ocrx_word' id='word_1_59' title='bbox 1100 1137 1197 1201; x_wconf 89' lang='lat' dir='ltr'>etiarn</span> <span class='ocrx_word' id='word_1_60' title='bbox 1215 1135 1401 1202; x_wconf 85' lang='lat' dir='ltr'>Discordiae</span> 
     </span>
     <span class='ocr_line' id='line_1_8' title="bbox 251 1242 1401 1326; baseline -0.003 -16"><span class='ocrx_word' id='word_1_61' title='bbox 251 1247 403 1311; x_wconf 88' lang='lat' dir='ltr'>constitui</span> <span class='ocrx_word' id='word_1_62' title='bbox 437 1246 556 1311; x_wconf 87' lang='lat' dir='ltr'>debuit.</span> <span class='ocrx_word' id='word_1_63' title='bbox 603 1245 786 1310; x_wconf 80' lang='lat' dir='ltr'>Periculose</span> <span class='ocrx_word' id='word_1_64' title='bbox 818 1246 925 1326; x_wconf 89' lang='lat' dir='ltr'>itaque</span> <span class='ocrx_word' id='word_1_65' title='bbox 956 1244 1091 1308; x_wconf 87' lang='lat' dir='ltr'>Romani</span> <span class='ocrx_word' id='word_1_66' title='bbox 1123 1249 1189 1308; x_wconf 87' lang='lat' dir='ltr'>tam</span> <span class='ocrx_word' id='word_1_67' title='bbox 1221 1243 1307 1308; x_wconf 88' lang='lat' dir='ltr'>mala</span> <span class='ocrx_word' id='word_1_68' title='bbox 1344 1242 1401 1307; x_wconf 91' lang='lat' dir='ltr'>dea</span> 
     </span>
     <span class='ocr_line' id='line_1_9' title="bbox 250 1349 1402 1418; baseline -0.004 -1"><span class='ocrx_word' id='word_1_69' title='bbox 250 1354 332 1418; x_wconf 88' lang='lat' dir='ltr'>irata</span> <span class='ocrx_word' id='word_1_70' title='bbox 363 1353 472 1418; x_wconf 87' lang='lat' dir='ltr'>uiuere</span> <span class='ocrx_word' id='word_1_71' title='bbox 505 1353 677 1417; x_wconf 89' lang='lat' dir='ltr'>uoluerunt</span> <span class='ocrx_word' id='word_1_72' title='bbox 708 1371 766 1416; x_wconf 89' lang='lat' dir='ltr'>nec</span> <span class='ocrx_word' id='word_1_73' title='bbox 798 1351 967 1416; x_wconf 82' lang='lat' dir='ltr'>Troianum</span> <span class='ocrx_word' id='word_1_74' title='bbox 1005 1349 1162 1415; x_wconf 79' lang='lat' dir='ltr'>excidium</span> <span class='ocrx_word' id='word_1_75' title='bbox 1200 1349 1402 1414; x_wconf 89' lang='lat' dir='ltr'>recoluerunt</span> 
     </span>
     <span class='ocr_line' id='line_1_10' title="bbox 251 1455 1402 1544; baseline -0.004 -20"><span class='ocrx_word' id='word_1_76' title='bbox 251 1459 404 1544; x_wconf 85' lang='lat' dir='ltr'>originem</span> <span class='ocrx_word' id='word_1_77' title='bbox 429 1460 466 1524; x_wconf 90' lang='lat' dir='ltr'>ab</span> <span class='ocrx_word' id='word_1_78' title='bbox 492 1460 560 1524; x_wconf 89' lang='lat' dir='ltr'>eius</span> <span class='ocrx_word' id='word_1_79' title='bbox 585 1459 754 1524; x_wconf 84' lang='lat' dir='ltr'>offensione</span> <span class='ocrx_word' id='word_1_80' title='bbox 779 1458 944 1522; x_wconf 86' lang='lat' dir='ltr'>sumsisse.</span> <span class='ocrx_word' id='word_1_81' title='bbox 972 1458 1047 1538; x_wconf 86' lang='lat' dir='ltr'>Ipsa</span> <span class='ocrx_word' id='word_1_82' title='bbox 1070 1456 1187 1539; x_wconf 88' lang='lat' dir='ltr'>quippe</span> <span class='ocrx_word' id='word_1_83' title='bbox 1218 1455 1294 1538; x_wconf 89' lang='lat' dir='ltr'>quia</span> <span class='ocrx_word' id='word_1_84' title='bbox 1320 1457 1402 1520; x_wconf 89' lang='lat' dir='ltr'>inter</span> 
     </span>
     <span class='ocr_line' id='line_1_11' title="bbox 250 1561 1441 1643; baseline -0.007 -11"><span class='ocrx_word' id='word_1_85' title='bbox 250 1567 325 1632; x_wconf 89' lang='lat' dir='ltr'>deos</span> <span class='ocrx_word' id='word_1_86' title='bbox 348 1585 409 1632; x_wconf 91' lang='lat' dir='ltr'>non</span> <span class='ocrx_word' id='word_1_87' title='bbox 432 1566 536 1630; x_wconf 85' lang='lat' dir='ltr'>fuerat</span> <span class='ocrx_word' id='word_1_88' title='bbox 558 1565 703 1643; x_wconf 88' lang='lat' dir='ltr'>inuitata,</span> <span class='ocrx_word' id='word_1_89' title='bbox 727 1565 825 1629; x_wconf 88' lang='lat' dir='ltr'>trium</span> <span class='ocrx_word' id='word_1_90' title='bbox 849 1563 978 1628; x_wconf 88' lang='lat' dir='ltr'>dearum</span> <span class='ocrx_word' id='word_1_91' title='bbox 1001 1563 1093 1628; x_wconf 90' lang='lat' dir='ltr'>litem</span> <span class='ocrx_word' id='word_1_92' title='bbox 1117 1562 1204 1626; x_wconf 90' lang='lat' dir='ltr'>aurei</span> <span class='ocrx_word' id='word_1_93' title='bbox 1227 1561 1303 1626; x_wconf 88' lang='lat' dir='ltr'>mali</span> <span class='ocrx_word' id='word_1_94' title='bbox 1328 1562 1400 1626; x_wconf 89' lang='lat' dir='ltr'>sub·</span> <span class='ocrx_word' id='word_1_95' title='bbox 1418 1589 1441 1624; x_wconf 83' lang='lat' dir='ltr'>n</span> 
     </span>
     <span class='ocr_line' id='line_1_12' title="bbox 250 1668 1400 1756; baseline -0.004 -19"><span class='ocrx_word' id='word_1_96' title='bbox 250 1673 408 1756; x_wconf 75' lang='lat' dir='ltr'>positione</span> <span class='ocrx_word' id='word_1_97' title='bbox 433 1677 611 1738; x_wconf 87' lang='lat' dir='ltr'>commenta</span> <span class='ocrx_word' id='word_1_98' title='bbox 634 1675 696 1748; x_wconf 88' lang='lat' dir='ltr'>est;</span> <span class='ocrx_word' id='word_1_99' title='bbox 721 1670 803 1736; x_wconf 90' lang='lat' dir='ltr'>unde</span> <span class='ocrx_word' id='word_1_100' title='bbox 825 1672 892 1735; x_wconf 82' lang='lat' dir='ltr'>rixa</span> <span class='ocrx_word' id='word_1_101' title='bbox 912 1670 1077 1734; x_wconf 88' lang='lat' dir='ltr'>numinum</span> <span class='ocrx_word' id='word_1_102' title='bbox 1097 1672 1129 1735; x_wconf 89' lang='lat' dir='ltr'>et</span> <span class='ocrx_word' id='word_1_103' title='bbox 1148 1669 1256 1734; x_wconf 87' lang='lat' dir='ltr'>Vanus</span> <span class='ocrx_word' id='word_1_104' title='bbox 1275 1668 1400 1748; x_wconf 79' lang='lat' dir='ltr'>uictrix,</span> 
     </span>
     <span class='ocr_line' id='line_1_13' title="bbox 252 1774 1399 1862; baseline -0.003 -18"><span class='ocrx_word' id='word_1_105' title='bbox 252 1783 284 1844; x_wconf 90' lang='lat' dir='ltr'>et</span> <span class='ocrx_word' id='word_1_106' title='bbox 301 1784 392 1862; x_wconf 86' lang='lat' dir='ltr'>rapta</span> <span class='ocrx_word' id='word_1_107' title='bbox 409 1779 532 1844; x_wconf 89' lang='lat' dir='ltr'>Helena</span> <span class='ocrx_word' id='word_1_108' title='bbox 550 1782 582 1845; x_wconf 91' lang='lat' dir='ltr'>et</span> <span class='ocrx_word' id='word_1_109' title='bbox 600 1779 694 1844; x_wconf 86' lang='lat' dir='ltr'>Troia</span> <span class='ocrx_word' id='word_1_110' title='bbox 713 1777 828 1842; x_wconf 89' lang='lat' dir='ltr'>deleta.</span> <span class='ocrx_word' id='word_1_111' title='bbox 853 1774 1060 1860; x_wconf 82' lang='lat' dir='ltr'>Quapropter,</span> <span class='ocrx_word' id='word_1_112' title='bbox 1081 1777 1109 1841; x_wconf 90' lang='lat' dir='ltr'>si</span> <span class='ocrx_word' id='word_1_113' title='bbox 1128 1777 1208 1841; x_wconf 86' lang='lat' dir='ltr'>sorte</span> <span class='ocrx_word' id='word_1_114' title='bbox 1227 1775 1399 1859; x_wconf 86' lang='lat' dir='ltr'>indignata,</span> 
     </span>
     <span class='ocr_line' id='line_1_14' title="bbox 251 1881 1398 1968; baseline -0.004 -18"><span class='ocrx_word' id='word_1_115' title='bbox 251 1886 335 1968; x_wconf 91' lang='lat' dir='ltr'>quod</span> <span class='ocrx_word' id='word_1_116' title='bbox 358 1887 440 1950; x_wconf 92' lang='lat' dir='ltr'>inter</span> <span class='ocrx_word' id='word_1_117' title='bbox 463 1885 538 1950; x_wconf 91' lang='lat' dir='ltr'>deos</span> <span class='ocrx_word' id='word_1_118' title='bbox 562 1886 594 1950; x_wconf 94' lang='lat' dir='ltr'>in</span> <span class='ocrx_word' id='word_1_119' title='bbox 614 1885 698 1950; x_wconf 90' lang='lat' dir='ltr'>Urbe</span> <span class='ocrx_word' id='word_1_120' title='bbox 721 1884 847 1948; x_wconf 90' lang='lat' dir='ltr'>nullum</span> <span class='ocrx_word' id='word_1_121' title='bbox 870 1881 1025 1966; x_wconf 90' lang='lat' dir='ltr'>templum</span> <span class='ocrx_word' id='word_1_122' title='bbox 1049 1882 1165 1948; x_wconf 88' lang='lat' dir='ltr'>habere</span> <span class='ocrx_word' id='word_1_123' title='bbox 1184 1883 1312 1962; x_wconf 91' lang='lat' dir='ltr'>meruit,</span> <span class='ocrx_word' id='word_1_124' title='bbox 1330 1882 1398 1946; x_wconf 92' lang='lat' dir='ltr'>ideo</span> 
     </span>
     <span class='ocr_line' id='line_1_15' title="bbox 250 1988 1398 2072; baseline -0.003 -17"><span class='ocrx_word' id='word_1_125' title='bbox 250 1993 312 2056; x_wconf 90' lang='lat' dir='ltr'>iam</span> <span class='ocrx_word' id='word_1_126' title='bbox 350 1992 500 2057; x_wconf 88' lang='lat' dir='ltr'>turbabat</span> <span class='ocrx_word' id='word_1_127' title='bbox 535 1991 633 2056; x_wconf 90' lang='lat' dir='ltr'>tantis</span> <span class='ocrx_word' id='word_1_128' title='bbox 669 1991 863 2055; x_wconf 85' lang='lat' dir='ltr'>tumultibus</span> <span class='ocrx_word' id='word_1_129' title='bbox 902 1990 1076 2070; x_wconf 82' lang='lat' dir='ltr'>ciuitatem,</span> <span class='ocrx_word' id='word_1_130' title='bbox 1109 1991 1227 2072; x_wconf 87' lang='lat' dir='ltr'>quanto</span> <span class='ocrx_word' id='word_1_131' title='bbox 1261 1988 1398 2053; x_wconf 91' lang='lat' dir='ltr'>atrocius</span> 
     </span>
     <span class='ocr_line' id='line_1_16' title="bbox 250 2095 1439 2180; baseline -0.004 -17"><span class='ocrx_word' id='word_1_132' title='bbox 250 2098 357 2180; x_wconf 90' lang='lat' dir='ltr'>potuit</span> <span class='ocrx_word' id='word_1_133' title='bbox 377 2099 509 2174; x_wconf 80' lang='lat' dir='ltr'>incitari,</span> <span class='ocrx_word' id='word_1_134' title='bbox 534 2117 607 2164; x_wconf 90' lang='lat' dir='ltr'>cum</span> <span class='ocrx_word' id='word_1_135' title='bbox 630 2098 661 2162; x_wconf 92' lang='lat' dir='ltr'>in</span> <span class='ocrx_word' id='word_1_136' title='bbox 685 2098 754 2162; x_wconf 91' lang='lat' dir='ltr'>loco</span> <span class='ocrx_word' id='word_1_137' title='bbox 778 2097 866 2161; x_wconf 90' lang='lat' dir='ltr'>illius</span> <span class='ocrx_word' id='word_1_138' title='bbox 892 2097 1009 2175; x_wconf 88' lang='lat' dir='ltr'>caedis,</span> <span class='ocrx_word' id='word_1_139' title='bbox 1033 2097 1093 2160; x_wconf 89' lang='lat' dir='ltr'>hoc</span> <span class='ocrx_word' id='word_1_140' title='bbox 1118 2095 1221 2160; x_wconf 90' lang='lat' dir='ltr'>estin</span> <span class='ocrx_word' id='word_1_141' title='bbox 1250 2096 1322 2159; x_wconf 90' lang='lat' dir='ltr'>loco</span> <span class='ocrx_word' id='word_1_142' title='bbox 1351 2095 1398 2158; x_wconf 92' lang='lat' dir='ltr'>sni</span> <span class='ocrx_word' id='word_1_143' title='bbox 1416 2120 1439 2158; x_wconf 81' lang='lat' dir='ltr'>n</span> 
     </span>
     <span class='ocr_line' id='line_1_17' title="bbox 251 2201 1399 2288; baseline -0.006 -18"><span class='ocrx_word' id='word_1_144' title='bbox 251 2205 365 2288; x_wconf 84' lang='lat' dir='ltr'>operis,</span> <span class='ocrx_word' id='word_1_145' title='bbox 386 2204 583 2270; x_wconf 89' lang='lat' dir='ltr'>aduersariae</span> <span class='ocrx_word' id='word_1_146' title='bbox 603 2223 679 2268; x_wconf 89' lang='lat' dir='ltr'>suae</span> <span class='ocrx_word' id='word_1_147' title='bbox 699 2205 906 2268; x_wconf 85' lang='lat' dir='ltr'>constitutam</span> <span class='ocrx_word' id='word_1_148' title='bbox 925 2203 1034 2267; x_wconf 90' lang='lat' dir='ltr'>aedem</span> <span class='ocrx_word' id='word_1_149' title='bbox 1052 2201 1190 2266; x_wconf 87' lang='lat' dir='ltr'>uideret!</span> <span class='ocrx_word' id='word_1_150' title='bbox 1214 2201 1304 2266; x_wconf 89' lang='lat' dir='ltr'>Haec</span> <span class='ocrx_word' id='word_1_151' title='bbox 1322 2219 1399 2264; x_wconf 87' lang='lat' dir='ltr'>uana</span> 
     </span>
     <span class='ocr_line' id='line_1_18' title="bbox 251 2309 1398 2393; baseline -0.004 -17"><span class='ocrx_word' id='word_1_152' title='bbox 251 2311 428 2376; x_wconf 88' lang='lat' dir='ltr'>ridentibus</span> <span class='ocrx_word' id='word_1_153' title='bbox 452 2311 543 2376; x_wconf 88' lang='lat' dir='ltr'>nobis</span> <span class='ocrx_word' id='word_1_154' title='bbox 562 2312 611 2376; x_wconf 91' lang='lat' dir='ltr'>illi</span> <span class='ocrx_word' id='word_1_155' title='bbox 631 2311 716 2376; x_wconf 88' lang='lat' dir='ltr'>docti</span> <span class='ocrx_word' id='word_1_156' title='bbox 736 2311 956 2393; x_wconf 85' lang='lat' dir='ltr'>sapientesque</span> <span class='ocrx_word' id='word_1_157' title='bbox 976 2310 1224 2385; x_wconf 89' lang='lat' dir='ltr'>stomachantur,</span> <span class='ocrx_word' id='word_1_158' title='bbox 1245 2309 1278 2372; x_wconf 88' lang='lat' dir='ltr'>et</span> <span class='ocrx_word' id='word_1_159' title='bbox 1295 2310 1398 2372; x_wconf 87' lang='lat' dir='ltr'>tamen</span> 
     </span>
     <span class='ocr_line' id='line_1_19' title="bbox 252 2414 1398 2498; baseline -0.005 -16"><span class='ocrx_word' id='word_1_160' title='bbox 252 2419 417 2483; x_wconf 88' lang='lat' dir='ltr'>numinum</span> <span class='ocrx_word' id='word_1_161' title='bbox 451 2417 602 2483; x_wconf 91' lang='lat' dir='ltr'>bonorum</span> <span class='ocrx_word' id='word_1_162' title='bbox 636 2417 855 2498; x_wconf 88' lang='lat' dir='ltr'>malorumque</span> <span class='ocrx_word' id='word_1_163' title='bbox 889 2416 1027 2481; x_wconf 90' lang='lat' dir='ltr'>cultores</span> <span class='ocrx_word' id='word_1_164' title='bbox 1056 2415 1093 2478; x_wconf 90' lang='lat' dir='ltr'>de</span> <span class='ocrx_word' id='word_1_165' title='bbox 1125 2415 1184 2479; x_wconf 88' lang='lat' dir='ltr'>hac</span> <span class='ocrx_word' id='word_1_166' title='bbox 1217 2414 1398 2497; x_wconf 88' lang='lat' dir='ltr'>quaestione</span> 
     </span>
     <span class='ocr_line' id='line_1_20' title="bbox 254 2511 1399 2606; baseline -0.006 -17"><span class='ocrx_word' id='word_1_167' title='bbox 254 2523 444 2589; x_wconf 84' lang='lat' dir='ltr'>Concordiae</span> <span class='ocrx_word' id='word_1_168' title='bbox 481 2511 728 2606; x_wconf 84' lang='lat' dir='ltr'>Discordiaeqne</span> <span class='ocrx_word' id='word_1_169' title='bbox 766 2542 826 2587; x_wconf 91' lang='lat' dir='ltr'>non</span> <span class='ocrx_word' id='word_1_170' title='bbox 866 2526 989 2598; x_wconf 82' lang='lat' dir='ltr'>exeunt,</span> <span class='ocrx_word' id='word_1_171' title='bbox 1027 2521 1096 2585; x_wconf 89' lang='lat' dir='ltr'>siue</span> <span class='ocrx_word' id='word_1_172' title='bbox 1132 2520 1399 2604; x_wconf 81' lang='lat' dir='ltr'>praetermiserint</span> 
     </span>
     <span class='ocr_line' id='line_1_21' title="bbox 253 2625 1436 2710; baseline -0.006 -18"><span class='ocrx_word' id='word_1_173' title='bbox 253 2629 363 2692; x_wconf 89' lang='lat' dir='ltr'>barum</span> <span class='ocrx_word' id='word_1_174' title='bbox 380 2627 508 2694; x_wconf 89' lang='lat' dir='ltr'>dearum</span> <span class='ocrx_word' id='word_1_175' title='bbox 529 2629 650 2694; x_wconf 91' lang='lat' dir='ltr'>cultum</span> <span class='ocrx_word' id='word_1_176' title='bbox 670 2629 779 2710; x_wconf 88' lang='lat' dir='ltr'>eisque</span> <span class='ocrx_word' id='word_1_177' title='bbox 794 2627 926 2692; x_wconf 82' lang='lat' dir='ltr'>Febrem</span> <span class='ocrx_word' id='word_1_178' title='bbox 941 2627 1169 2709; x_wconf 84' lang='lat' dir='ltr'>Bellonamque</span> <span class='ocrx_word' id='word_1_179' title='bbox 1183 2625 1398 2707; x_wconf 84' lang='lat' dir='ltr'>praetulerint,</span> <span class='ocrx_word' id='word_1_180' title='bbox 1414 2645 1436 2684; x_wconf 79' lang='lat' dir='ltr'>ro</span> 
     </span>
     <span class='ocr_line' id='line_1_22' title="bbox 253 2731 1398 2817; baseline -0.003 -19"><span class='ocrx_word' id='word_1_181' title='bbox 253 2734 368 2816; x_wconf 89' lang='lat' dir='ltr'>quibus</span> <span class='ocrx_word' id='word_1_182' title='bbox 393 2735 522 2817; x_wconf 87' lang='lat' dir='ltr'>antiqua</span> <span class='ocrx_word' id='word_1_183' title='bbox 544 2736 616 2800; x_wconf 90' lang='lat' dir='ltr'>fana</span> <span class='ocrx_word' id='word_1_184' title='bbox 639 2736 790 2812; x_wconf 85' lang='lat' dir='ltr'>fecerunt,</span> <span class='ocrx_word' id='word_1_185' title='bbox 817 2735 885 2798; x_wconf 91' lang='lat' dir='ltr'>siue</span> <span class='ocrx_word' id='word_1_186' title='bbox 910 2738 942 2798; x_wconf 85' lang='lat' dir='ltr'>et</span> <span class='ocrx_word' id='word_1_187' title='bbox 963 2734 1043 2798; x_wconf 89' lang='lat' dir='ltr'>istas</span> <span class='ocrx_word' id='word_1_188' title='bbox 1067 2731 1232 2808; x_wconf 90' lang='lat' dir='ltr'>coluerint,</span> <span class='ocrx_word' id='word_1_189' title='bbox 1257 2749 1332 2795; x_wconf 89' lang='lat' dir='ltr'>cum</span> <span class='ocrx_word' id='word_1_190' title='bbox 1356 2731 1398 2794; x_wconf 90' lang='lat' dir='ltr'>sic</span> 
     </span>
     <span class='ocr_line' id='line_1_23' title="bbox 253 2837 1398 2921; baseline -0.004 -16"><span class='ocrx_word' id='word_1_191' title='bbox 253 2860 307 2906; x_wconf 86' lang='lat' dir='ltr'>eos</span> <span class='ocrx_word' id='word_1_192' title='bbox 331 2841 512 2907; x_wconf 90' lang='lat' dir='ltr'>discedente</span> <span class='ocrx_word' id='word_1_193' title='bbox 537 2841 712 2908; x_wconf 84' lang='lat' dir='ltr'>Concordia</span> <span class='ocrx_word' id='word_1_194' title='bbox 734 2840 901 2906; x_wconf 89' lang='lat' dir='ltr'>Discordia</span> <span class='ocrx_word' id='word_1_195' title='bbox 925 2841 1069 2904; x_wconf 87' lang='lat' dir='ltr'>saeuiens</span> <span class='ocrx_word' id='word_1_196' title='bbox 1098 2857 1199 2921; x_wconf 85' lang='lat' dir='ltr'>usqne</span> <span class='ocrx_word' id='word_1_197' title='bbox 1227 2837 1267 2901; x_wconf 93' lang='lat' dir='ltr'>ad</span> <span class='ocrx_word' id='word_1_198' title='bbox 1295 2837 1398 2901; x_wconf 89' lang='lat' dir='ltr'>ciuilia</span> 
     </span>
    </p>
   </div>
   <div class='ocr_carea' id='block_1_3' title="bbox 253 2947 965 3120">
    <p class='ocr_par' dir='ltr' id='par_1_3' title="bbox 253 2947 965 3120">
     <span class='ocr_line' id='line_1_24' title="bbox 253 2947 547 3030; baseline 0.003 -19"><span class='ocrx_word' id='word_1_199' title='bbox 253 2947 336 3011; x_wconf 89' lang='lat' dir='ltr'>bella</span> <span class='ocrx_word' id='word_1_200' title='bbox 358 2948 547 3030; x_wconf 86' lang='lat' dir='ltr'>perduxerit.</span> 
     </span>
     <span class='ocr_line' id='line_1_25' title="bbox 691 3052 965 3120; baseline -0.011 -1"><span class='ocrx_word' id='word_1_201' title='bbox 691 3053 828 3120; x_wconf 80' lang='lat' dir='ltr'>CAPUT</span> <span class='ocrx_word' id='word_1_202' title='bbox 851 3052 965 3117; x_wconf 87' lang='lat' dir='ltr'>XXVI.</span> 
     </span>
    </p>
   </div>
   <div class='ocr_carea' id='block_1_4' title="bbox 254 3174 1435 3351">
    <p class='ocr_par' dir='ltr' id='par_1_4' title="bbox 254 3174 1435 3351">
     <span class='ocr_line' id='line_1_26' title="bbox 254 3174 1435 3264; baseline -0.006 -22"><span class='ocrx_word' id='word_1_203' title='bbox 254 3178 308 3242; x_wconf 89' lang='lat' dir='ltr'>De</span> <span class='ocrx_word' id='word_1_204' title='bbox 338 3179 519 3246; x_wconf 88' lang='lat' dir='ltr'>diuersis</span> <span class='ocrx_word' id='word_1_205' title='bbox 550 3178 771 3264; x_wconf 87' lang='lat' dir='ltr'>generibus</span> <span class='ocrx_word' id='word_1_206' title='bbox 799 3178 913 3256; x_wconf 92' lang='lat' dir='ltr'>belli,</span> <span class='ocrx_word' id='word_1_207' title='bbox 943 3195 1043 3260; x_wconf 89' lang='lat' dir='ltr'>quae</span> <span class='ocrx_word' id='word_1_208' title='bbox 1070 3177 1164 3259; x_wconf 90' lang='lat' dir='ltr'>post</span> <span class='ocrx_word' id='word_1_209' title='bbox 1197 3174 1435 3239; x_wconf 81' lang='lat' dir='ltr'>conditama</span> 
     </span>
     <span class='ocr_line' id='line_1_27' title="bbox 475 3283 1181 3351; baseline -0.008 0"><span class='ocrx_word' id='word_1_210' title='bbox 475 3287 610 3351; x_wconf 88' lang='lat' dir='ltr'>aedem</span> <span class='ocrx_word' id='word_1_211' title='bbox 635 3284 885 3351; x_wconf 89' lang='lat' dir='ltr'>Concordiae</span> <span class='ocrx_word' id='word_1_212' title='bbox 911 3287 1007 3348; x_wconf 86' lang='lat' dir='ltr'>sunt</span> <span class='ocrx_word' id='word_1_213' title='bbox 1030 3283 1181 3348; x_wconf 87' lang='lat' dir='ltr'>secuta.</span> 
     </span>
    </p>
   </div>
   <div class='ocr_carea' id='block_1_5' title="bbox 253 3403 1395 3601">
    <p class='ocr_par' dir='ltr' id='par_1_5' title="bbox 253 3403 1395 3601">
     <span class='ocr_line' id='line_1_28' title="bbox 298 3403 1395 3480; baseline -0.005 -8"><span class='ocrx_word' id='word_1_214' title='bbox 298 3409 497 3475; x_wconf 86' lang='lat' dir='ltr'>Praeclarum</span> <span class='ocrx_word' id='word_1_215' title='bbox 524 3430 600 3475; x_wconf 86' lang='lat' dir='ltr'>uero</span> <span class='ocrx_word' id='word_1_216' title='bbox 630 3409 795 3474; x_wconf 89' lang='lat' dir='ltr'>seditionis</span> <span class='ocrx_word' id='word_1_217' title='bbox 824 3407 1027 3474; x_wconf 89' lang='lat' dir='ltr'>obstaculum</span> <span class='ocrx_word' id='word_1_218' title='bbox 1060 3405 1169 3471; x_wconf 88' lang='lat' dir='ltr'>aedem</span> <span class='ocrx_word' id='word_1_219' title='bbox 1198 3403 1395 3480; x_wconf 83' lang='lat' dir='ltr'>Concordiae,</span> 
     </span>
     <span class='ocr_line' id='line_1_29' title="bbox 253 3511 1395 3601; baseline -0.004 -23"><span class='ocrx_word' id='word_1_220' title='bbox 253 3519 369 3580; x_wconf 87' lang='lat' dir='ltr'>testem</span> <span class='ocrx_word' id='word_1_221' title='bbox 398 3517 502 3581; x_wconf 89' lang='lat' dir='ltr'>caedis</span> <span class='ocrx_word' id='word_1_222' title='bbox 532 3517 742 3601; x_wconf 87' lang='lat' dir='ltr'>suppliciique</span> <span class='ocrx_word' id='word_1_223' title='bbox 772 3515 996 3594; x_wconf 87' lang='lat' dir='ltr'>Gracchorum,</span> <span class='ocrx_word' id='word_1_224' title='bbox 1022 3512 1276 3580; x_wconf 89' lang='lat' dir='ltr'>contionantibus</span> <span class='ocrx_word' id='word_1_225' title='bbox 1306 3511 1395 3592; x_wconf 89' lang='lat' dir='ltr'>obpo-</span> 
     </span>
    </p>
   </div>
   <div class='ocr_carea' id='block_1_6' title="bbox 293 3673 704 3748">
    <p class='ocr_par' dir='ltr' id='par_1_6' title="bbox 293 3673 704 3748">
     <span class='ocr_line' id='line_1_30' title="bbox 293 3673 704 3748; baseline -0.005 -20"><span class='ocrx_word' id='word_1_226' title='bbox 293 3739 299 3748; x_wconf 42' lang='grc'><strong>,</strong></span> <span class='ocrx_word' id='word_1_227' title='bbox 343 3673 359 3728; x_wconf 85' lang='grc'>3</span> <span class='ocrx_word' id='word_1_228' title='bbox 377 3673 442 3726; x_wconf 82' lang='lat' dir='ltr'>uide</span> <span class='ocrx_word' id='word_1_229' title='bbox 459 3689 547 3742; x_wconf 71' lang='lat' dir='ltr'>stupra</span> <span class='ocrx_word' id='word_1_230' title='bbox 564 3691 590 3744; x_wconf 91' lang='lat' dir='ltr'>p.</span> <span class='ocrx_word' id='word_1_231' title='bbox 610 3675 652 3736; x_wconf 80' lang='lat'>73,</span> <span class='ocrx_word' id='word_1_232' title='bbox 671 3673 704 3726; x_wconf 78' lang='lat'>27</span> 
     </span>
    </p>
   </div>
   <div class='ocr_carea' id='block_1_7' title="bbox 253 3771 1396 4380">
    <p class='ocr_par' dir='ltr' id='par_1_7' title="bbox 253 3771 1396 4380">
     <span class='ocr_line' id='line_1_31' title="bbox 291 3771 1396 3847; baseline -0.005 -15"><span class='ocrx_word' id='word_1_233' title='bbox 291 3780 303 3831; x_wconf 96' lang='lat' dir='ltr'>l</span> <span class='ocrx_word' id='word_1_234' title='bbox 334 3778 501 3832; x_wconf 85' lang='lat' dir='ltr'>fabricarunt</span> <span class='ocrx_word' id='word_1_235' title='bbox 524 3779 626 3847; x_wconf 81' lang='lat' dir='ltr'>Adep</span> <span class='ocrx_word' id='word_1_236' title='bbox 649 3777 762 3845; x_wconf 80' lang='lat' dir='ltr'>Doocb.;</span> <span class='ocrx_word' id='word_1_237' title='bbox 790 3777 994 3832; x_wconf 79' lang='lat' dir='ltr'>fabricauerunt</span> <span class='ocrx_word' id='word_1_238' title='bbox 1017 3775 1144 3844; x_wconf 76' lang='lat' dir='ltr'>Gooqo</span> <span class='ocrx_word' id='word_1_239' title='bbox 1233 3775 1251 3828; x_wconf 83' lang='lat'><strong>2</strong></span> <span class='ocrx_word' id='word_1_240' title='bbox 1279 3773 1327 3827; x_wconf 88' lang='lat' dir='ltr'>illa</span> <span class='ocrx_word' id='word_1_241' title='bbox 1350 3771 1396 3836; x_wconf 82' lang='lat' dir='ltr'>ll¹;</span> 
     </span>
     <span class='ocr_line' id='line_1_32' title="bbox 253 3862 1395 3937; baseline -0.007 -16"><span class='ocrx_word' id='word_1_242' title='bbox 253 3869 330 3921; x_wconf 92' lang='lat' dir='ltr'>nulla</span> <span class='ocrx_word' id='word_1_243' title='bbox 348 3869 372 3922; x_wconf 87' lang='lat' dir='ltr'>e¹</span> <span class='ocrx_word' id='word_1_244' title='bbox 437 3869 557 3937; x_wconf 77' lang='lat' dir='ltr'>digitur</span> <span class='ocrx_word' id='word_1_245' title='bbox 574 3867 688 3921; x_wconf 88' lang='lat' dir='ltr'>modoo</span> <span class='ocrx_word' id='word_1_246' title='bbox 760 3884 813 3920; x_wconf 89' lang='lat' dir='ltr'>non</span> <span class='ocrx_word' id='word_1_247' title='bbox 833 3867 920 3920; x_wconf 88' lang='lat' dir='ltr'>solnm</span> <span class='ocrx_word' id='word_1_248' title='bbox 938 3865 1036 3933; x_wconf 57' lang='lat' dir='ltr'>nepa</span> <span class='ocrx_word' id='word_1_249' title='bbox 1056 3881 1110 3918; x_wconf 89' lang='lat' dir='ltr'>non</span> <span class='ocrx_word' id='word_1_250' title='bbox 1129 3867 1235 3917; x_wconf 88' lang='lat' dir='ltr'>tantum</span> <span class='ocrx_word' id='word_1_251' title='bbox 1255 3862 1395 3930; x_wconf 70' lang='lat' dir='ltr'>abdeca</span> 
     </span>
     <span class='ocr_line' id='line_1_33' title="bbox 254 3949 1395 4022; baseline -0.006 -12"><span class='ocrx_word' id='word_1_252' title='bbox 254 3957 352 4010; x_wconf 87' lang='lat' dir='ltr'>Domb.</span> <span class='ocrx_word' id='word_1_253' title='bbox 426 3958 539 4010; x_wconf 76' lang='lat' dir='ltr'>itanta</span> <span class='ocrx_word' id='word_1_254' title='bbox 557 3973 591 4010; x_wconf 80' lang='lat' dir='ltr'>ro.</span> <span class='ocrx_word' id='word_1_255' title='bbox 610 3961 629 4009; x_wconf 78' lang='lat'><em>2</em></span> <span class='ocrx_word' id='word_1_256' title='bbox 648 3973 681 4009; x_wconf 78' lang='lat' dir='ltr'>ea</span> <span class='ocrx_word' id='word_1_257' title='bbox 699 3959 756 4010; x_wconf 86' lang='lat' dir='ltr'>tara</span> <span class='ocrx_word' id='word_1_258' title='bbox 775 3971 877 4010; x_wconf 67' lang='lat' dir='ltr'>corae</span> <span class='ocrx_word' id='word_1_259' title='bbox 948 3951 1118 4008; x_wconf 83' lang='lat' dir='ltr'>8biuerert</span> <span class='ocrx_word' id='word_1_260' title='bbox 1205 3949 1395 4022; x_wconf 81' lang='lat' dir='ltr'>9quippe,io</span> 
     </span>
     <span class='ocr_line' id='line_1_34' title="bbox 254 4037 1394 4115; baseline -0.004 -18"><span class='ocrx_word' id='word_1_261' title='bbox 254 4063 338 4115; x_wconf 74' lang='lat' dir='ltr'>ortorp.</span> <span class='ocrx_word' id='word_1_262' title='bbox 359 4046 388 4098; x_wconf 86' lang='lat' dir='ltr'>al</span> <span class='ocrx_word' id='word_1_263' title='bbox 407 4050 536 4115; x_wconf 86' lang='lat' dir='ltr'>quoq.,lt</span> <span class='ocrx_word' id='word_1_264' title='bbox 595 4047 627 4099; x_wconf 88' lang='lat'>13</span> <span class='ocrx_word' id='word_1_265' title='bbox 647 4044 711 4099; x_wconf 91' lang='lat' dir='ltr'>orbe</span> <span class='ocrx_word' id='word_1_266' title='bbox 734 4043 766 4097; x_wconf 85' lang='lat'>0¹</span> <span class='ocrx_word' id='word_1_267' title='bbox 837 4043 956 4114; x_wconf 75' lang='lat' dir='ltr'>ideoiet</span> <span class='ocrx_word' id='word_1_268' title='bbox 983 4043 1045 4104; x_wconf 87' lang='lat' dir='ltr'>iarn,</span> <span class='ocrx_word' id='word_1_269' title='bbox 1066 4045 1094 4096; x_wconf 90' lang='lat' dir='ltr'>et</span> <span class='ocrx_word' id='word_1_270' title='bbox 1111 4059 1146 4096; x_wconf 83' lang='lat' dir='ltr'>ar.</span> <span class='ocrx_word' id='word_1_271' title='bbox 1165 4045 1183 4095; x_wconf 77' lang='lat'><em>2</em></span> <span class='ocrx_word' id='word_1_272' title='bbox 1201 4048 1282 4096; x_wconf 76' lang='lat' dir='ltr'>extra</span> <span class='ocrx_word' id='word_1_273' title='bbox 1300 4037 1394 4106; x_wconf 77' lang='lat' dir='ltr'>tio.,u</span> 
     </span>
     <span class='ocr_line' id='line_1_35' title="bbox 256 4125 1393 4202; baseline -0.005 -15"><span class='ocrx_word' id='word_1_274' title='bbox 256 4135 287 4187; x_wconf 82' lang='lat'>17</span> <span class='ocrx_word' id='word_1_275' title='bbox 307 4138 492 4188; x_wconf 86' lang='lat' dir='ltr'>stomacautnr</span> <span class='ocrx_word' id='word_1_276' title='bbox 510 4133 578 4187; x_wconf 77' lang='grc' dir='ltr'>110ι</span> <span class='ocrx_word' id='word_1_277' title='bbox 654 4133 686 4187; x_wconf 88' lang='lat'>18</span> <span class='ocrx_word' id='word_1_278' title='bbox 709 4133 932 4202; x_wconf 76' lang='lat' dir='ltr'>quaestionel,1n</span> <span class='ocrx_word' id='word_1_279' title='bbox 953 4132 1077 4194; x_wconf 82' lang='lat' dir='ltr'>es·as.,C</span> <span class='ocrx_word' id='word_1_280' title='bbox 1146 4131 1179 4184; x_wconf 81' lang='lat'>21</span> <span class='ocrx_word' id='word_1_281' title='bbox 1205 4131 1345 4184; x_wconf 88' lang='lat' dir='ltr'>coluerunt</span> <span class='ocrx_word' id='word_1_282' title='bbox 1365 4125 1393 4180; x_wconf 81' lang='lat'>0¹</span> 
     </span>
     <span class='ocr_line' id='line_1_36' title="bbox 254 4215 1395 4287; baseline -0.005 -13"><span class='ocrx_word' id='word_1_283' title='bbox 254 4223 288 4276; x_wconf 78' lang='lat'>22</span> <span class='ocrx_word' id='word_1_284' title='bbox 308 4223 504 4287; x_wconf 73' lang='lat' dir='ltr'>saeuepiensd</span> <span class='ocrx_word' id='word_1_285' title='bbox 559 4224 593 4276; x_wconf 79' lang='lat'>25</span> <span class='ocrx_word' id='word_1_286' title='bbox 613 4221 713 4276; x_wconf 91' lang='lat' dir='ltr'>diuersi</span> <span class='ocrx_word' id='word_1_287' title='bbox 731 4221 763 4275; x_wconf 83' lang='lat'>0¹</span> <span class='ocrx_word' id='word_1_288' title='bbox 820 4221 939 4274; x_wconf 84' lang='lat' dir='ltr'>bellisC</span> <span class='ocrx_word' id='word_1_289' title='bbox 992 4221 1025 4274; x_wconf 79' lang='grc'>21</span> <span class='ocrx_word' id='word_1_290' title='bbox 1045 4219 1186 4274; x_wconf 86' lang='lat' dir='ltr'>seditionis</span> <span class='ocrx_word' id='word_1_291' title='bbox 1206 4215 1395 4286; x_wconf 71' lang='lat' dir='ltr'>aeatopt·</span> 
     </span>
     <span class='ocr_line' id='line_1_37' title="bbox 255 4310 677 4380; baseline 0.002 -17"><span class='ocrx_word' id='word_1_292' title='bbox 255 4311 367 4376; x_wconf 85' lang='lat' dir='ltr'>Domb.,·</span> <span class='ocrx_word' id='word_1_293' title='bbox 386 4310 563 4365; x_wconf 87' lang='lat' dir='ltr'>seditionibus</span> <span class='ocrx_word' id='word_1_294' title='bbox 583 4313 655 4380; x_wconf 76' lang='lat' dir='ltr'>epf</span> <span class='ocrx_word' id='word_1_295' title='bbox 664 4328 677 4364; x_wconf 90' lang='lat' dir='ltr'>o</span> 
     </span>
    </p>
   </div>
   <div class='ocr_carea' id='block_1_8' title="bbox 0 0 1550 4928">
    <p class='ocr_par' dir='ltr' id='par_1_8' title="bbox 0 0 1550 4928">
     <span class='ocr_line' id='line_1_38' title="bbox 0 0 1550 4928; baseline 0 0"><span class='ocrx_word' id='word_1_296' title='bbox 0 0 1550 4928; x_wconf 95' lang='lat' dir='ltr'> </span> 
     </span>
    </p>
   </div>
  </div>
 </body>
</html>
