3108 4926
373 435 424 488 De
452 434 627 488 ciuitate
655 432 717 486 dei
744 432 809 487 lib.
837 431 899 486 Vll.
928 449 1002 504 cap.
1026 436 1052 490 4.
1224 439 1290 503 307

134 629 180 696 lit.
216 629 253 696 Si
283 648 358 713 ergo
386 628 566 714 insipientis
594 627 713 693 iudicio
738 627 954 693 multitudinis
977 629 1062 694 facta
1085 631 1288 696 caldeorum

135 738 199 802 ista
228 735 375 812 selectio,
405 755 487 817 quur
519 734 577 799 dea
604 735 742 799 Pecunia
769 735 931 800 Mineruae
963 737 1104 818 praelata
1135 757 1197 802 non
1230 744 1289 817 est,

136 861 208 907 cum
224 845 359 926 propter
374 841 542 925 pecuniam
561 841 625 906 siut
644 841 780 906 artifices
798 842 914 906 multi?
939 841 972 906 Si
992 849 1098 908 autem
1117 864 1289 928 paucorum

137 949 336 1032 sapientium
364 952 413 1013 est
440 949 505 1012 ista
532 947 706 1026 distinctio,
736 967 819 1030 quur
846 967 907 1013 uon
934 951 1075 1032 praelata
1103 956 1153 1015 est
1176 952 1290 1016 Veneri

108 1055 265 1134 sVirtus,
287 1074 359 1118 curn
383 1073 452 1118 eam
475 1054 568 1140 longe
592 1055 748 1137 praeferat
771 1054 873 1119 ratio?
898 1055 1017 1120 Saltem
1043 1063 1136 1134 certe,
1157 1061 1194 1122 ut
1217 1058 1290 1136 dixi,

137 1163 208 1246 ipsa
227 1163 381 1239 Fortuna,
402 1180 492 1242 quae,
513 1161 598 1226 sicut
620 1163 734 1244 putant
757 1161 811 1244 qui
835 1161 863 1227 ei
886 1163 1059 1244 plurimum
1083 1165 1238 1242 tribuunt,
1258 1166 1290 1228 in

139 1269 227 1334 omni
251 1287 285 1332 re
310 1268 490 1334 dominatur
512 1269 544 1332 et
566 1285 615 1332 res
640 1271 771 1332 cunctas
796 1287 832 1333 ex
854 1269 984 1334 libidine
1008 1271 1110 1353 magis
1135 1289 1229 1353 quam
1254 1291 1290 1336 er

138 1395 215 1440 uero
252 1377 392 1440 celebrat
422 1375 644 1457 obscuratque,
674 1375 702 1439 si
733 1378 857 1439 tanturn
890 1381 922 1440 et
949 1377 980 1440 in
1010 1377 1084 1441 deos
1113 1376 1226 1456 ualuit,
1255 1381 1292 1442 ut

139 1482 310 1548 temerario
324 1481 443 1546 iudicio
461 1499 519 1546 suo
539 1499 618 1562 quos
638 1481 739 1544 uellet
756 1481 928 1546 celebraret
947 1483 1192 1566 obscuraretque
1212 1503 1291 1567 quos

99 1613 124 1653 ιθ
141 1589 253 1667 uellet,
281 1586 488 1670 praecipuum
516 1587 623 1651 locum
651 1587 782 1652 haberet
809 1587 840 1650 in
869 1587 1007 1666 selectis,
1038 1607 1117 1670 quae
1144 1590 1175 1654 iu
1204 1591 1291 1672 ipsos

142 1714 271 1777 quoquo
295 1694 370 1758 deos
394 1697 459 1758 tam
482 1694 670 1778 praecipuae
694 1697 744 1758 est
771 1694 951 1775 potestatis.
989 1695 1037 1758 Au
1067 1698 1103 1759 ut
1131 1695 1198 1760 illic
1223 1716 1292 1762 osse

100 1814 103 1818 ·
141 1821 202 1866 nou
236 1804 356 1882 posset,
389 1800 469 1864 nihil
501 1799 589 1864 aliud
622 1801 717 1864 etiam
750 1799 821 1882 ipsa
852 1799 990 1866 Fortuna
1027 1802 1088 1866 nisi
1127 1803 1292 1868 aduersam

141 1908 286 1990 putanda
309 1909 358 1971 ost
380 1905 531 1972 habuisse
554 1905 735 1970 fortunam?
761 1905 829 1970 Sibi
853 1925 928 1990 ergo
949 1907 1115 1972 aduersata
1134 1912 1192 1986 est,
1212 1929 1292 1991 quae

143 2015 223 2080 alios
249 2013 372 2078 nobiles'
396 2013 513 2078 iaciens
537 2013 705 2077 nobilitata
727 2031 787 2076 non
812 2017 873 2105 est.¹

103 2249 128 2288 u
606 2222 743 2288 CAPUT
765 2223 837 2288 llll.

145 2363 296 2428 Melius
321 2367 453 2428 actum
478 2383 563 2428 oum
588 2363 650 2428 dis
677 2363 960 2441 inferioribus,
987 2367 1056 2448 qui
1087 2366 1218 2430 nullis
1242 2367 1293 2430 in-

147 2470 353 2535 famentur
382 2469 626 2553 obprobriis,
652 2489 767 2551 quam
796 2489 882 2534 cum
912 2471 1095 2549 selectis,
1126 2490 1293 2554 quorum

344 2580 482 2640 tautae
506 2575 791 2658 turpitudines
817 2577 1089 2642 celebrentur.

193 2716 414 2782 Gratularetur
442 2720 548 2782 autem
577 2717 625 2781 dis
657 2717 729 2782 istis
759 2717 886 2782 selectis
916 2717 1084 2800 quisquam
1116 2718 1294 2784 nobilitatis

106 2854 131 2893 ao
150 2828 181 2889 et
208 2824 407 2889 claritudinis
436 2823 594 2907 adpetitor
617 2827 649 2888 et
672 2843 726 2888 eos
751 2823 870 2889 diceret
893 2824 1080 2902 fortunatos,
1106 2825 1133 2888 si
1156 2844 1216 2890 non
1242 2845 1294 2890 eos

149 2931 251 3015 magis
280 2931 319 2995 ad
347 2930 477 2995 iniurias
506 2950 600 3015 quam
630 2929 669 2996 ad
700 2930 834 2995 honoros
868 2932 1004 2996 selectos
1038 2931 1169 2997 uideret.
1214 2931 1294 2995 Nam

149 3038 235 3101 illam
267 3037 409 3100 intimam
441 3037 566 3100 turbam
600 3037 669 3119 ipsa
701 3036 885 3120 ignobilitas
918 3035 1007 3110 terit,
1040 3056 1077 3100 ne
1112 3036 1296 3102 obrueretur

151 3143 334 3228 obprobriis.
381 3143 533 3208 Ridemus
571 3143 709 3225 quidem,
748 3162 819 3206 cum
858 3162 912 3208 eos
949 3141 1097 3206 uidemus
1135 3143 1294 3226 figmentis

151 3251 355 3315 humanarum
384 3249 567 3333 opinionum
596 3249 721 3332 partitis
750 3249 831 3314 inter
859 3269 892 3313 se
922 3248 1070 3331 oporibus
1096 3249 1295 3328 distributos,

108 3386 132 3426 ae
151 3361 310 3438 tamquam
335 3356 579 3421 minuscularios
603 3355 810 3439 uectigalium
835 3355 1042 3420 conductores
1062 3355 1115 3418 uel
1134 3359 1296 3438 tamquam

153 3465 278 3548 opifices
302 3465 335 3528 in
358 3464 429 3529 uico
454 3463 642 3548 argentario,
662 3463 717 3527 ubi
741 3482 839 3526 unum
863 3463 1042 3540 uasculum,
1063 3466 1100 3526 ut
1122 3461 1297 3544 perfectum

152 3574 248 3650 areat,
272 3590 329 3656 per
356 3570 476 3635 multos
505 3569 642 3634 artifices
671 3569 794 3644 transit,
820 3587 893 3633 cum
917 3569 955 3632 ab
979 3587 1041 3632 uno
1065 3569 1205 3651 perfecto
1229 3587 1297 3650 pcr-

151 3676 202 3742 fioi
228 3679 350 3760 posset.
388 3676 450 3743 Sed
478 3677 570 3741 aliter
598 3695 659 3740 non
682 3677 831 3758 putatum
856 3679 906 3739 est
930 3675 1129 3757 operantium
1152 3675 1296 3739 multitu-

152 3783 214 3848 dini
243 3783 482 3860 consulcndum,
506 3782 568 3846 nisi
597 3783 634 3846 ut
658 3781 801 3868 singulas
826 3781 903 3846 artis
926 3785 1032 3864 partes
1057 3781 1120 3846 cito
1145 3799 1182 3845 ac
1204 3781 1296 3845 facilc

188 4049 203 4102 5
222 4044 360 4149 praeferat
377 4045 446 4098 ratio
470 4043 493 4098 0
502 4061 520 4098 a
531 4045 686 4114 bdelpq;
704 4043 774 4097 ratio
794 4043 931 4112 praeferat
949 4059 963 4096 o
978 4041 1077 4096 Domb.
1132 4042 1149 4095 6
1168 4042 1228 4111 ipsa
1247 4043 1298 4096 etl

153 4161 419 4232 Sobaeuras.que0
471 4160 682 4232 9ternessrario,
701 4176 732 4212 ra
750 4159 861 4213 erasG
915 4159 945 4212 11
965 4157 1053 4212 illacl
1109 4158 1141 4210 12
1160 4157 1298 4226 poenitio

155 4252 187 4306 16
204 4251 404 4319 infamanturp
460 4250 491 4304 18
511 4248 713 4317 celebranturp
770 4249 801 4301 19
821 4248 1001 4317 gratuleture
1054 4247 1089 4300 22
1108 4249 1136 4299 et
1150 4246 1224 4299 illarn
1242 4245 1298 4298 C²e

152 4337 460 4408 iufinnambeppltf
511 4339 546 4394 28
565 4338 634 4392 alter
655 4337 688 4390 0¹

1211 4435 1261 4496 20*
