<?xml version="1.0" encoding="UTF-8"?>
<!DOCTYPE html PUBLIC "-//W3C//DTD XHTML 1.0 Transitional//EN"
    "http://www.w3.org/TR/xhtml1/DTD/xhtml1-transitional.dtd">
<html xmlns="http://www.w3.org/1999/xhtml" xml:lang="en" lang="en">
 <head>
  <title>
</title>
<meta http-equiv="Content-Type" content="text/html;charset=utf-8" />
  <meta name='ocr-system' content='tesseract 3.04.00' />
  <meta name='ocr-capabilities' content='ocr_page ocr_carea ocr_par ocr_line ocrx_word'/>
</head>
<body>
  <div class='ocr_page' id='page_1' title='image "./corpusscriptoru20wiengoog_0033.png"; bbox 0 0 3094 4932; ppageno 0'>
   <div class='ocr_carea' id='block_1_1' title="bbox 242 455 261 516">
    <p class='ocr_par' dir='ltr' id='par_1_1' title="bbox 242 455 261 516">
     <span class='ocr_line' id='line_1_1' title="bbox 242 455 261 516; baseline 0 0"><span class='ocrx_word' id='word_1_1' title='bbox 242 455 261 516; x_wconf 84' lang='lat'><strong>2</strong></span> 
     </span>
    </p>
   </div>
   <div class='ocr_carea' id='block_1_2' title="bbox 234 643 1437 3072">
    <p class='ocr_par' dir='ltr' id='par_1_2' title="bbox 235 643 1387 817">
     <span class='ocr_line' id='line_1_2' title="bbox 239 643 1387 729; baseline 0.002 -21"><span class='ocrx_word' id='word_1_2' title='bbox 239 647 328 710; x_wconf 89' lang='lat' dir='ltr'>libris</span> <span class='ocrx_word' id='word_1_3' title='bbox 354 645 434 710; x_wconf 82' lang='lat' dir='ltr'>durae</span> <span class='ocrx_word' id='word_1_4' title='bbox 462 645 543 709; x_wconf 84' lang='lat' dir='ltr'>istae</span> <span class='ocrx_word' id='word_1_5' title='bbox 571 663 671 708; x_wconf 84' lang='lat' dir='ltr'>uanae</span> <span class='ocrx_word' id='word_1_6' title='bbox 697 645 859 727; x_wconf 84' lang='lat' dir='ltr'><strong>opiniones</strong></span> <span class='ocrx_word' id='word_1_7' title='bbox 884 643 1080 710; x_wconf 82' lang='lat' dir='ltr'>Christianae</span> <span class='ocrx_word' id='word_1_8' title='bbox 1108 645 1254 729; x_wconf 85' lang='lat' dir='ltr'>religioni</span> <span class='ocrx_word' id='word_1_9' title='bbox 1278 645 1387 710; x_wconf 84' lang='lat' dir='ltr'>aduer-</span> 
     </span>
     <span class='ocr_line' id='line_1_3' title="bbox 235 753 555 817; baseline 0 -1"><span class='ocrx_word' id='word_1_10' title='bbox 235 753 335 817; x_wconf 82' lang='lat' dir='ltr'>sarius</span> <span class='ocrx_word' id='word_1_11' title='bbox 359 753 555 816; x_wconf 85' lang='lat' dir='ltr'>refelluntur.</span> 
     </span>
    </p>

    <p class='ocr_par' dir='ltr' id='par_1_3' title="bbox 234 858 1437 3072">
     <span class='ocr_line' id='line_1_4' title="bbox 281 858 1387 942; baseline 0.001 -19"><span class='ocrx_word' id='word_1_12' title='bbox 281 859 343 924; x_wconf 87' lang='lat' dir='ltr'>Sed</span> <span class='ocrx_word' id='word_1_13' title='bbox 367 859 594 940; x_wconf 85' lang='lat' dir='ltr'>nequisquam</span> <span class='ocrx_word' id='word_1_14' title='bbox 619 877 675 922; x_wconf 86' lang='lat' dir='ltr'>nos</span> <span class='ocrx_word' id='word_1_15' title='bbox 700 859 802 922; x_wconf 81' lang='lat' dir='ltr'>aliena</span> <span class='ocrx_word' id='word_1_16' title='bbox 820 863 944 922; x_wconf 85' lang='lat' dir='ltr'>tantum</span> <span class='ocrx_word' id='word_1_17' title='bbox 964 858 1174 942; x_wconf 84' lang='lat' dir='ltr'>redarguisse,</span> <span class='ocrx_word' id='word_1_18' title='bbox 1199 879 1260 924; x_wconf 87' lang='lat' dir='ltr'>uon</span> <span class='ocrx_word' id='word_1_19' title='bbox 1280 863 1387 924; x_wconf 85' lang='lat' dir='ltr'>autem</span> 
     </span>
     <span class='ocr_line' id='line_1_5' title="bbox 235 963 1387 1049; baseline -0.001 -19"><span class='ocrx_word' id='word_1_20' title='bbox 235 971 342 1030; x_wconf 86' lang='lat' dir='ltr'>nostra</span> <span class='ocrx_word' id='word_1_21' title='bbox 361 965 540 1029; x_wconf 87' lang='lat' dir='ltr'>adseruisse</span> <span class='ocrx_word' id='word_1_22' title='bbox 559 964 808 1046; x_wconf 79' lang='lat' dir='ltr'>reprehenderet,</span> <span class='ocrx_word' id='word_1_23' title='bbox 824 963 857 1028; x_wconf 93' lang='lat' dir='ltr'>id</span> <span class='ocrx_word' id='word_1_24' title='bbox 876 965 943 1049; x_wconf 85' lang='lat' dir='ltr'>agit</span> <span class='ocrx_word' id='word_1_25' title='bbox 960 983 1032 1046; x_wconf 86' lang='lat' dir='ltr'>pers</span> <span class='ocrx_word' id='word_1_26' title='bbox 1048 965 1147 1028; x_wconf 80' lang='lat' dir='ltr'>altere</span> <span class='ocrx_word' id='word_1_27' title='bbox 1161 967 1263 1047; x_wconf 90' lang='lat' dir='ltr'>operis</span> <span class='ocrx_word' id='word_1_28' title='bbox 1280 966 1387 1044; x_wconf 85' lang='lat' dir='ltr'>huius,</span> 
     </span>
     <span class='ocr_line' id='line_1_6' title="bbox 236 1071 1435 1154; baseline -0.003 -18"><span class='ocrx_word' id='word_1_29' title='bbox 236 1091 316 1154; x_wconf 83' lang='lat' dir='ltr'>quoe</span> <span class='ocrx_word' id='word_1_30' title='bbox 340 1071 430 1136; x_wconf 89' lang='lat' dir='ltr'>libris</span> <span class='ocrx_word' id='word_1_31' title='bbox 455 1071 621 1137; x_wconf 81' lang='lat' dir='ltr'>duodecim</span> <span class='ocrx_word' id='word_1_32' title='bbox 646 1071 832 1142; x_wconf 76' lang='lat' dir='ltr'>continetur,</span> <span class='ocrx_word' id='word_1_33' title='bbox 858 1089 1059 1152; x_wconf 83' lang='lat' dir='ltr'>quamquam,</span> <span class='ocrx_word' id='word_1_34' title='bbox 1087 1071 1143 1134; x_wconf 90' lang='lat' dir='ltr'>ubi</span> <span class='ocrx_word' id='word_1_35' title='bbox 1168 1091 1247 1154; x_wconf 92' lang='lat' dir='ltr'>opus</span> <span class='ocrx_word' id='word_1_36' title='bbox 1272 1075 1330 1149; x_wconf 85' lang='lat' dir='ltr'>est,</span> <span class='ocrx_word' id='word_1_37' title='bbox 1355 1076 1388 1135; x_wconf 90' lang='lat' dir='ltr'>et</span> <span class='ocrx_word' id='word_1_38' title='bbox 1422 1095 1435 1132; x_wconf 69' lang='lat' dir='ltr'>s</span> 
     </span>
     <span class='ocr_line' id='line_1_7' title="bbox 234 1177 1387 1260; baseline 0 -18"><span class='ocrx_word' id='word_1_39' title='bbox 234 1179 266 1242; x_wconf 92' lang='lat' dir='ltr'>in</span> <span class='ocrx_word' id='word_1_40' title='bbox 286 1178 443 1260; x_wconf 71' lang='lat' dir='ltr'>prioribus</span> <span class='ocrx_word' id='word_1_41' title='bbox 464 1178 573 1242; x_wconf 89' lang='lat' dir='ltr'>decem</span> <span class='ocrx_word' id='word_1_42' title='bbox 593 1197 673 1258; x_wconf 85' lang='lat' dir='ltr'>quae</span> <span class='ocrx_word' id='word_1_43' title='bbox 692 1181 800 1242; x_wconf 85' lang='lat' dir='ltr'>nostre</span> <span class='ocrx_word' id='word_1_44' title='bbox 816 1180 891 1242; x_wconf 89' lang='lat' dir='ltr'>sunt</span> <span class='ocrx_word' id='word_1_45' title='bbox 909 1177 1102 1254; x_wconf 79' lang='lat' dir='ltr'>edomemus,</span> <span class='ocrx_word' id='word_1_46' title='bbox 1119 1187 1151 1242; x_wconf 88' lang='lat' dir='ltr'>et</span> <span class='ocrx_word' id='word_1_47' title='bbox 1166 1179 1198 1242; x_wconf 91' lang='lat' dir='ltr'>in</span> <span class='ocrx_word' id='word_1_48' title='bbox 1219 1178 1387 1242; x_wconf 82' lang='lat' dir='ltr'>duodecim</span> 
     </span>
     <span class='ocr_line' id='line_1_8' title="bbox 235 1283 1386 1367; baseline -0.003 -16"><span class='ocrx_word' id='word_1_49' title='bbox 235 1286 466 1367; x_wconf 75' lang='lat' dir='ltr'>posterioribus</span> <span class='ocrx_word' id='word_1_50' title='bbox 495 1284 722 1366; x_wconf 83' lang='lat' dir='ltr'>redarguemus</span> <span class='ocrx_word' id='word_1_51' title='bbox 748 1283 890 1348; x_wconf 81' lang='lat' dir='ltr'>aduersa.</span> <span class='ocrx_word' id='word_1_52' title='bbox 933 1283 1109 1348; x_wconf 89' lang='lat' dir='ltr'>Duodecim</span> <span class='ocrx_word' id='word_1_53' title='bbox 1134 1304 1208 1367; x_wconf 87' lang='lat' dir='ltr'>ergo</span> <span class='ocrx_word' id='word_1_54' title='bbox 1232 1285 1386 1350; x_wconf 86' lang='lat' dir='ltr'>librorum</span> 
     </span>
     <span class='ocr_line' id='line_1_9' title="bbox 236 1390 1386 1474; baseline -0.001 -18"><span class='ocrx_word' id='word_1_55' title='bbox 236 1393 436 1474; x_wconf 88' lang='lat' dir='ltr'>sequentium</span> <span class='ocrx_word' id='word_1_56' title='bbox 452 1393 545 1474; x_wconf 89' lang='lat' dir='ltr'>primi</span> <span class='ocrx_word' id='word_1_57' title='bbox 561 1396 710 1473; x_wconf 80' lang='lat' dir='ltr'>qiunttuor</span> <span class='ocrx_word' id='word_1_58' title='bbox 725 1391 886 1455; x_wconf 77' lang='lat' dir='ltr'>continent</span> <span class='ocrx_word' id='word_1_59' title='bbox 901 1395 1042 1454; x_wconf 80' lang='lat' dir='ltr'>exortum</span> <span class='ocrx_word' id='word_1_60' title='bbox 1057 1390 1189 1455; x_wconf 74' lang='lat' dir='ltr'>dirorum</span> <span class='ocrx_word' id='word_1_61' title='bbox 1206 1391 1386 1462; x_wconf 83' lang='lat' dir='ltr'>ciuitatum,</span> 
     </span>
     <span class='ocr_line' id='line_1_10' title="bbox 236 1497 1389 1582; baseline 0 -20"><span class='ocrx_word' id='word_1_62' title='bbox 236 1519 368 1582; x_wconf 83' lang='lat' dir='ltr'>quarum</span> <span class='ocrx_word' id='word_1_63' title='bbox 397 1502 447 1562; x_wconf 90' lang='lat' dir='ltr'>est</span> <span class='ocrx_word' id='word_1_64' title='bbox 474 1519 536 1562; x_wconf 84' lang='lat' dir='ltr'>une</span> <span class='ocrx_word' id='word_1_65' title='bbox 563 1499 635 1576; x_wconf 69' lang='lat' dir='ltr'>Dei,</span> <span class='ocrx_word' id='word_1_66' title='bbox 670 1499 769 1561; x_wconf 82' lang='lat' dir='ltr'>alteru</span> <span class='ocrx_word' id='word_1_67' title='bbox 797 1497 892 1561; x_wconf 92' lang='lat' dir='ltr'>huius</span> <span class='ocrx_word' id='word_1_68' title='bbox 922 1498 1044 1574; x_wconf 88' lang='lat' dir='ltr'>muudi;</span> <span class='ocrx_word' id='word_1_69' title='bbox 1080 1499 1209 1562; x_wconf 91' lang='lat' dir='ltr'>secundi</span> <span class='ocrx_word' id='word_1_70' title='bbox 1238 1503 1389 1580; x_wconf 82' lang='lat' dir='ltr'>quattuor</span> 
     </span>
     <span class='ocr_line' id='line_1_11' title="bbox 236 1604 1436 1688; baseline -0.001 -19"><span class='ocrx_word' id='word_1_71' title='bbox 236 1624 402 1669; x_wconf 82' lang='lat' dir='ltr'>excursum</span> <span class='ocrx_word' id='word_1_72' title='bbox 428 1624 533 1669; x_wconf 14' lang='lat' dir='ltr'>enorum</span> <span class='ocrx_word' id='word_1_73' title='bbox 560 1605 629 1668; x_wconf 92' lang='lat' dir='ltr'>siue</span> <span class='ocrx_word' id='word_1_74' title='bbox 652 1624 853 1688; x_wconf 81' lang='lat' dir='ltr'>procursum;</span> <span class='ocrx_word' id='word_1_75' title='bbox 877 1604 964 1668; x_wconf 89' lang='lat' dir='ltr'>tertii</span> <span class='ocrx_word' id='word_1_76' title='bbox 983 1624 1068 1684; x_wconf 87' lang='lat' dir='ltr'>uero,</span> <span class='ocrx_word' id='word_1_77' title='bbox 1095 1606 1201 1686; x_wconf 91' lang='lat' dir='ltr'>quiet</span> <span class='ocrx_word' id='word_1_78' title='bbox 1223 1605 1386 1687; x_wconf 80' lang='lat' dir='ltr'>postremi,</span> <span class='ocrx_word' id='word_1_79' title='bbox 1409 1630 1436 1668; x_wconf 84' lang='grc' dir='ltr'>ιο</span> 
     </span>
     <span class='ocr_line' id='line_1_12' title="bbox 236 1711 1387 1794; baseline 0 -18"><span class='ocrx_word' id='word_1_80' title='bbox 236 1713 363 1776; x_wconf 87' lang='lat' dir='ltr'>debitos</span> <span class='ocrx_word' id='word_1_81' title='bbox 397 1712 485 1776; x_wconf 90' lang='lat' dir='ltr'>fines.</span> <span class='ocrx_word' id='word_1_82' title='bbox 527 1713 576 1776; x_wconf 83' lang='lat' dir='ltr'>lta</span> <span class='ocrx_word' id='word_1_83' title='bbox 609 1731 717 1776; x_wconf 90' lang='lat' dir='ltr'>omnes</span> <span class='ocrx_word' id='word_1_84' title='bbox 745 1712 862 1794; x_wconf 85' lang='lat' dir='ltr'>uiginti</span> <span class='ocrx_word' id='word_1_85' title='bbox 890 1716 921 1775; x_wconf 91' lang='lat' dir='ltr'>et</span> <span class='ocrx_word' id='word_1_86' title='bbox 950 1711 1011 1776; x_wconf 95' lang='lat' dir='ltr'>duo</span> <span class='ocrx_word' id='word_1_87' title='bbox 1039 1713 1121 1784; x_wconf 77' lang='lat' dir='ltr'>libri,</span> <span class='ocrx_word' id='word_1_88' title='bbox 1155 1731 1227 1777; x_wconf 92' lang='lat' dir='ltr'>cum</span> <span class='ocrx_word' id='word_1_89' title='bbox 1257 1713 1321 1776; x_wconf 86' lang='lat' dir='ltr'>sint</span> <span class='ocrx_word' id='word_1_90' title='bbox 1349 1711 1387 1776; x_wconf 93' lang='lat' dir='ltr'>de</span> 
     </span>
     <span class='ocr_line' id='line_1_13' title="bbox 236 1818 1386 1901; baseline 0 -19"><span class='ocrx_word' id='word_1_91' title='bbox 236 1824 368 1901; x_wconf 86' lang='lat' dir='ltr'>utroque</span> <span class='ocrx_word' id='word_1_92' title='bbox 388 1819 519 1883; x_wconf 83' lang='lat' dir='ltr'>ciuitate</span> <span class='ocrx_word' id='word_1_93' title='bbox 539 1819 718 1900; x_wconf 79' lang='lat' dir='ltr'>conscripti,</span> <span class='ocrx_word' id='word_1_94' title='bbox 738 1818 869 1882; x_wconf 88' lang='lat' dir='ltr'>titulum</span> <span class='ocrx_word' id='word_1_95' title='bbox 887 1822 992 1882; x_wconf 88' lang='lat' dir='ltr'>tamen</span> <span class='ocrx_word' id='word_1_96' title='bbox 1009 1819 1169 1883; x_wconf 82' lang='lat' dir='ltr'>ameliore</span> <span class='ocrx_word' id='word_1_97' title='bbox 1190 1823 1386 1900; x_wconf 76' lang='lat' dir='ltr'>occeperunt,</span> 
     </span>
     <span class='ocr_line' id='line_1_14' title="bbox 236 1925 1386 2008; baseline 0 -19"><span class='ocrx_word' id='word_1_98' title='bbox 236 1930 274 1990; x_wconf 90' lang='lat' dir='ltr'>ut</span> <span class='ocrx_word' id='word_1_99' title='bbox 302 1926 345 1989; x_wconf 91' lang='lat' dir='ltr'>de</span> <span class='ocrx_word' id='word_1_100' title='bbox 371 1925 547 1990; x_wconf 82' lang='lat' dir='ltr'>ciuitate</span> <span class='ocrx_word' id='word_1_101' title='bbox 571 1925 642 1990; x_wconf 88' lang='lat' dir='ltr'>Dei</span> <span class='ocrx_word' id='word_1_102' title='bbox 671 1925 779 2008; x_wconf 89' lang='lat' dir='ltr'>potius</span> <span class='ocrx_word' id='word_1_103' title='bbox 804 1929 1002 1989; x_wconf 83' lang='lat' dir='ltr'>uocarentur.</span> <span class='ocrx_word' id='word_1_104' title='bbox 1045 1925 1080 1989; x_wconf 92' lang='lat' dir='ltr'>ln</span> <span class='ocrx_word' id='word_1_105' title='bbox 1105 1944 1239 2008; x_wconf 89' lang='lat' dir='ltr'>quorum</span> <span class='ocrx_word' id='word_1_106' title='bbox 1264 1926 1386 1989; x_wconf 89' lang='lat' dir='ltr'>decimo</span> 
     </span>
     <span class='ocr_line' id='line_1_15' title="bbox 236 2030 1388 2114; baseline -0.002 -18"><span class='ocrx_word' id='word_1_107' title='bbox 236 2032 317 2097; x_wconf 91' lang='lat' dir='ltr'>libro</span> <span class='ocrx_word' id='word_1_108' title='bbox 343 2051 403 2096; x_wconf 92' lang='lat' dir='ltr'>non</span> <span class='ocrx_word' id='word_1_109' title='bbox 424 2032 534 2095; x_wconf 88' lang='lat' dir='ltr'>debuit</span> <span class='ocrx_word' id='word_1_110' title='bbox 556 2050 612 2114; x_wconf 90' lang='lat' dir='ltr'>pro</span> <span class='ocrx_word' id='word_1_111' title='bbox 637 2033 789 2096; x_wconf 83' lang='lat' dir='ltr'>miraculo</span> <span class='ocrx_word' id='word_1_112' title='bbox 815 2032 889 2114; x_wconf 90' lang='lat' dir='ltr'>poni</span> <span class='ocrx_word' id='word_1_113' title='bbox 912 2031 944 2095; x_wconf 92' lang='lat' dir='ltr'>in</span> <span class='ocrx_word' id='word_1_114' title='bbox 963 2031 1106 2095; x_wconf 75' lang='lat' dir='ltr'>Abrabae</span> <span class='ocrx_word' id='word_1_115' title='bbox 1126 2030 1280 2096; x_wconf 85' lang='lat' dir='ltr'>sacrificio</span> <span class='ocrx_word' id='word_1_116' title='bbox 1300 2031 1388 2095; x_wconf 82' lang='lat' dir='ltr'>flam-</span> 
     </span>
     <span class='ocr_line' id='line_1_16' title="bbox 236 2137 1437 2220; baseline -0.001 -17"><span class='ocrx_word' id='word_1_117' title='bbox 236 2159 319 2203; x_wconf 85' lang='lat' dir='ltr'>mam</span> <span class='ocrx_word' id='word_1_118' title='bbox 337 2139 469 2204; x_wconf 88' lang='lat' dir='ltr'>caelitus</span> <span class='ocrx_word' id='word_1_119' title='bbox 489 2139 605 2202; x_wconf 82' lang='lat' dir='ltr'>factam</span> <span class='ocrx_word' id='word_1_120' title='bbox 624 2139 707 2202; x_wconf 90' lang='lat' dir='ltr'>inter</span> <span class='ocrx_word' id='word_1_121' title='bbox 722 2138 840 2202; x_wconf 83' lang='lat' dir='ltr'>diuisas</span> <span class='ocrx_word' id='word_1_122' title='bbox 860 2137 1008 2202; x_wconf 82' lang='lat' dir='ltr'>uictimas</span> <span class='ocrx_word' id='word_1_123' title='bbox 1029 2137 1217 2212; x_wconf 76' lang='lat' dir='ltr'>cucurrisse,</span> <span class='ocrx_word' id='word_1_124' title='bbox 1238 2138 1387 2220; x_wconf 82' lang='lat' dir='ltr'>quoniam</span> <span class='ocrx_word' id='word_1_125' title='bbox 1411 2163 1437 2202; x_wconf 78' lang='lat' dir='ltr'>m</span> 
     </span>
     <span class='ocr_line' id='line_1_17' title="bbox 237 2245 1385 2328; baseline -0.001 -19"><span class='ocrx_word' id='word_1_126' title='bbox 237 2246 296 2309; x_wconf 93' lang='lat' dir='ltr'>hoc</span> <span class='ocrx_word' id='word_1_127' title='bbox 324 2245 371 2308; x_wconf 91' lang='lat' dir='ltr'>illi</span> <span class='ocrx_word' id='word_1_128' title='bbox 400 2245 430 2308; x_wconf 94' lang='lat' dir='ltr'>in</span> <span class='ocrx_word' id='word_1_129' title='bbox 454 2245 579 2309; x_wconf 89' lang='lat' dir='ltr'>uisione</span> <span class='ocrx_word' id='word_1_130' title='bbox 603 2249 814 2308; x_wconf 82' lang='lat' dir='ltr'>monstratum</span> <span class='ocrx_word' id='word_1_131' title='bbox 839 2249 897 2309; x_wconf 88' lang='lat' dir='ltr'>est.</span> <span class='ocrx_word' id='word_1_132' title='bbox 939 2245 974 2309; x_wconf 92' lang='lat' dir='ltr'>In</span> <span class='ocrx_word' id='word_1_133' title='bbox 1000 2245 1134 2328; x_wconf 89' lang='lat' dir='ltr'>septimo</span> <span class='ocrx_word' id='word_1_134' title='bbox 1160 2245 1281 2308; x_wconf 92' lang='lat' dir='ltr'>decimo</span> <span class='ocrx_word' id='word_1_135' title='bbox 1305 2245 1385 2308; x_wconf 92' lang='lat' dir='ltr'>libro</span> 
     </span>
     <span class='ocr_line' id='line_1_18' title="bbox 238 2351 1385 2435; baseline -0.001 -20"><span class='ocrx_word' id='word_1_136' title='bbox 238 2351 322 2435; x_wconf 89' lang='lat' dir='ltr'>quod</span> <span class='ocrx_word' id='word_1_137' title='bbox 347 2351 467 2415; x_wconf 87' lang='lat' dir='ltr'>dictum</span> <span class='ocrx_word' id='word_1_138' title='bbox 492 2355 541 2415; x_wconf 86' lang='lat' dir='ltr'>est</span> <span class='ocrx_word' id='word_1_139' title='bbox 564 2351 602 2415; x_wconf 89' lang='lat' dir='ltr'>de</span> <span class='ocrx_word' id='word_1_140' title='bbox 627 2351 788 2416; x_wconf 84' lang='lat' dir='ltr'>Samuele:</span> <span class='ocrx_word' id='word_1_141' title='bbox 812 2351 895 2416; x_wconf 89' lang='lat' dir='ltr'>Non</span> <span class='ocrx_word' id='word_1_142' title='bbox 925 2355 1012 2415; x_wconf 85' lang='lat' dir='ltr'>erat</span> <span class='ocrx_word' id='word_1_143' title='bbox 1039 2354 1084 2415; x_wconf 90' lang='lat' dir='ltr'>dc</span> <span class='ocrx_word' id='word_1_144' title='bbox 1111 2351 1221 2416; x_wconf 90' lang='lat' dir='ltr'>filiis</span> <span class='ocrx_word' id='word_1_145' title='bbox 1246 2353 1385 2426; x_wconf 76' lang='lat' dir='ltr'>Aaron,</span> 
     </span>
     <span class='ocr_line' id='line_1_19' title="bbox 238 2457 1386 2541; baseline -0.002 -19"><span class='ocrx_word' id='word_1_146' title='bbox 238 2459 406 2524; x_wconf 90' lang='lat' dir='ltr'>dicendum</span> <span class='ocrx_word' id='word_1_147' title='bbox 430 2459 537 2540; x_wconf 87' lang='lat' dir='ltr'>potius</span> <span class='ocrx_word' id='word_1_148' title='bbox 561 2458 637 2522; x_wconf 86' lang='lat' dir='ltr'>fuit:</span> <span class='ocrx_word' id='word_1_149' title='bbox 660 2457 732 2521; x_wconf 88' lang='lat' dir='ltr'>Non</span> <span class='ocrx_word' id='word_1_150' title='bbox 753 2457 923 2522; x_wconf 85' lang='lat' dir='ltr'>eratfilius</span> <span class='ocrx_word' id='word_1_151' title='bbox 944 2457 1127 2523; x_wconf 80' lang='lat' dir='ltr'>sacerdotis,</span> <span class='ocrx_word' id='word_1_152' title='bbox 1152 2457 1250 2522; x_wconf 82' lang='lat' dir='ltr'>Filios</span> <span class='ocrx_word' id='word_1_153' title='bbox 1270 2459 1386 2541; x_wconf 87' lang='lat' dir='ltr'>quippe</span> 
     </span>
     <span class='ocr_line' id='line_1_20' title="bbox 238 2565 1385 2649; baseline -0.002 -21"><span class='ocrx_word' id='word_1_154' title='bbox 238 2566 437 2630; x_wconf 81' lang='lat' dir='ltr'>sacerdotum</span> <span class='ocrx_word' id='word_1_155' title='bbox 472 2565 629 2629; x_wconf 85' lang='lat' dir='ltr'>defunctis</span> <span class='ocrx_word' id='word_1_156' title='bbox 663 2565 881 2628; x_wconf 81' lang='lat' dir='ltr'>sacerdotibus</span> <span class='ocrx_word' id='word_1_157' title='bbox 915 2565 1084 2630; x_wconf 87' lang='lat' dir='ltr'>succedere</span> <span class='ocrx_word' id='word_1_158' title='bbox 1116 2566 1218 2649; x_wconf 81' lang='lat' dir='ltr'>magis</span> <span class='ocrx_word' id='word_1_159' title='bbox 1250 2565 1385 2649; x_wconf 84' lang='lat' dir='ltr'>legitimi</span> 
     </span>
     <span class='ocr_line' id='line_1_21' title="bbox 238 2669 1433 2754; baseline 0 -20"><span class='ocrx_word' id='word_1_160' title='bbox 238 2672 334 2735; x_wconf 90' lang='lat' dir='ltr'>moris</span> <span class='ocrx_word' id='word_1_161' title='bbox 358 2671 429 2734; x_wconf 87' lang='lat' dir='ltr'>fuit.</span> <span class='ocrx_word' id='word_1_162' title='bbox 458 2671 540 2734; x_wconf 83' lang='lat' dir='ltr'>Nam</span> <span class='ocrx_word' id='word_1_163' title='bbox 564 2671 595 2735; x_wconf 92' lang='lat' dir='ltr'>in</span> <span class='ocrx_word' id='word_1_164' title='bbox 619 2671 693 2735; x_wconf 90' lang='lat' dir='ltr'>filiis</span> <span class='ocrx_word' id='word_1_165' title='bbox 718 2673 821 2736; x_wconf 82' lang='lat' dir='ltr'>Aaron</span> <span class='ocrx_word' id='word_1_166' title='bbox 846 2671 1001 2753; x_wconf 87' lang='lat' dir='ltr'>reperitur</span> <span class='ocrx_word' id='word_1_167' title='bbox 1024 2675 1113 2754; x_wconf 84' lang='lat' dir='ltr'>peter</span> <span class='ocrx_word' id='word_1_168' title='bbox 1137 2670 1304 2746; x_wconf 71' lang='lat' dir='ltr'>Samuelis,</span> <span class='ocrx_word' id='word_1_169' title='bbox 1329 2669 1387 2733; x_wconf 91' lang='lat' dir='ltr'>sed</span> <span class='ocrx_word' id='word_1_170' title='bbox 1407 2696 1433 2734; x_wconf 82' lang='lat' dir='ltr'>so</span> 
     </span>
     <span class='ocr_line' id='line_1_22' title="bbox 239 2777 1385 2862; baseline -0.002 -20"><span class='ocrx_word' id='word_1_171' title='bbox 239 2778 384 2842; x_wconf 83' lang='lat' dir='ltr'>sacerdos</span> <span class='ocrx_word' id='word_1_172' title='bbox 404 2797 465 2842; x_wconf 91' lang='lat' dir='ltr'>non</span> <span class='ocrx_word' id='word_1_173' title='bbox 485 2778 556 2854; x_wconf 86' lang='lat' dir='ltr'>fuit,</span> <span class='ocrx_word' id='word_1_174' title='bbox 577 2797 633 2842; x_wconf 91' lang='lat' dir='ltr'>neo</span> <span class='ocrx_word' id='word_1_175' title='bbox 652 2777 697 2841; x_wconf 85' lang='lat' dir='ltr'>itu</span> <span class='ocrx_word' id='word_1_176' title='bbox 715 2778 746 2841; x_wconf 92' lang='lat' dir='ltr'>in</span> <span class='ocrx_word' id='word_1_177' title='bbox 765 2777 850 2856; x_wconf 84' lang='lat' dir='ltr'>filiis,</span> <span class='ocrx_word' id='word_1_178' title='bbox 876 2782 912 2841; x_wconf 93' lang='lat' dir='ltr'>ut</span> <span class='ocrx_word' id='word_1_179' title='bbox 931 2779 1090 2862; x_wconf 86' lang='lat' dir='ltr'>cumipse</span> <span class='ocrx_word' id='word_1_180' title='bbox 1110 2779 1254 2862; x_wconf 87' lang='lat' dir='ltr'>genuerit</span> <span class='ocrx_word' id='word_1_181' title='bbox 1271 2779 1385 2854; x_wconf 80' lang='lat' dir='ltr'>Aaron,</span> 
     </span>
     <span class='ocr_line' id='line_1_23' title="bbox 238 2883 1386 2967; baseline -0.001 -19"><span class='ocrx_word' id='word_1_182' title='bbox 238 2885 292 2948; x_wconf 91' lang='lat' dir='ltr'>sed</span> <span class='ocrx_word' id='word_1_183' title='bbox 322 2884 406 2948; x_wconf 89' lang='lat' dir='ltr'>sicut</span> <span class='ocrx_word' id='word_1_184' title='bbox 430 2903 538 2948; x_wconf 80' lang='lat' dir='ltr'>ornnes</span> <span class='ocrx_word' id='word_1_185' title='bbox 562 2883 650 2947; x_wconf 91' lang='lat' dir='ltr'>illius</span> <span class='ocrx_word' id='word_1_186' title='bbox 674 2885 784 2967; x_wconf 90' lang='lat' dir='ltr'>populi</span> <span class='ocrx_word' id='word_1_187' title='bbox 809 2885 958 2948; x_wconf 89' lang='lat' dir='ltr'>dicuntur</span> <span class='ocrx_word' id='word_1_188' title='bbox 980 2883 1038 2948; x_wconf 88' lang='lat' dir='ltr'>filii</span> <span class='ocrx_word' id='word_1_189' title='bbox 1062 2883 1169 2948; x_wconf 86' lang='lat' dir='ltr'>lsrael.</span> <span class='ocrx_word' id='word_1_190' title='bbox 1211 2884 1281 2949; x_wconf 92' lang='lat' dir='ltr'>Hoc</span> <span class='ocrx_word' id='word_1_191' title='bbox 1305 2902 1386 2966; x_wconf 88' lang='lat' dir='ltr'>opus</span> 
     </span>
     <span class='ocr_line' id='line_1_24' title="bbox 238 2989 1241 3072; baseline -0.001 -18"><span class='ocrx_word' id='word_1_192' title='bbox 238 2990 284 3054; x_wconf 88' lang='lat' dir='ltr'>sic</span> <span class='ocrx_word' id='word_1_193' title='bbox 307 2989 433 3072; x_wconf 91' lang='lat' dir='ltr'>incipit:</span> <span class='ocrx_word' id='word_1_194' title='bbox 459 2989 819 3055; x_wconf 82' lang='lat' dir='ltr'>Gloriosissimem</span> <span class='ocrx_word' id='word_1_195' title='bbox 845 2992 1061 3055; x_wconf 80' lang='lat' dir='ltr'>ciuitatem</span> <span class='ocrx_word' id='word_1_196' title='bbox 1086 2990 1157 3054; x_wconf 89' lang='lat' dir='ltr'>Dei</span> <span class='ocrx_word' id='word_1_197' title='bbox 1182 2997 1241 3054; x_wconf 89' lang='lat' dir='ltr'>etc.</span> 
     </span>
    </p>
   </div>
   <div class='ocr_carea' id='block_1_3' title="bbox 329 3179 606 3235">
    <p class='ocr_par' dir='ltr' id='par_1_4' title="bbox 329 3179 606 3235">
     <span class='ocr_line' id='line_1_25' title="bbox 329 3179 606 3235; baseline 0.007 -3"><span class='ocrx_word' id='word_1_198' title='bbox 329 3179 437 3235; x_wconf 75' lang='lat' dir='ltr'>lece</span> <span class='ocrx_word' id='word_1_199' title='bbox 495 3181 606 3235; x_wconf 66' lang='lat' dir='ltr'>lecu</span> 
     </span>
    </p>
   </div>
   <div class='ocr_carea' id='block_1_4' title="bbox 238 3303 1388 3640">
    <p class='ocr_par' dir='ltr' id='par_1_5' title="bbox 238 3303 1388 3640">
     <span class='ocr_line' id='line_1_26' title="bbox 276 3303 1385 3374; baseline 0.003 -19"><span class='ocrx_word' id='word_1_200' title='bbox 276 3303 383 3356; x_wconf 81' lang='lat' dir='ltr'>luoru&#39;c</span> <span class='ocrx_word' id='word_1_201' title='bbox 399 3321 420 3370; x_wconf 82' lang='lat' dir='ltr'>p</span> <span class='ocrx_word' id='word_1_202' title='bbox 510 3303 748 3357; x_wconf 81' lang='lat' dir='ltr'>2rclcllentur0</span> <span class='ocrx_word' id='word_1_203' title='bbox 838 3307 870 3359; x_wconf 84' lang='lat'>13</span> <span class='ocrx_word' id='word_1_204' title='bbox 895 3310 1026 3360; x_wconf 87' lang='lat' dir='ltr'>nocentur</span> <span class='ocrx_word' id='word_1_205' title='bbox 1047 3307 1079 3358; x_wconf 80' lang='lat'>0¹</span> <span class='ocrx_word' id='word_1_206' title='bbox 1189 3305 1348 3359; x_wconf 87' lang='lat' dir='ltr'>duodecimo</span> <span class='ocrx_word' id='word_1_207' title='bbox 1363 3325 1385 3374; x_wconf 80' lang='lat' dir='ltr'>p</span> 
     </span>
     <span class='ocr_line' id='line_1_27' title="bbox 240 3391 1384 3464; baseline 0.003 -20"><span class='ocrx_word' id='word_1_208' title='bbox 240 3393 272 3445; x_wconf 82' lang='lat'>15</span> <span class='ocrx_word' id='word_1_209' title='bbox 293 3391 469 3446; x_wconf 83' lang='lat' dir='ltr'>cucurisseO</span> <span class='ocrx_word' id='word_1_210' title='bbox 519 3393 550 3444; x_wconf 91' lang='grc'>16</span> <span class='ocrx_word' id='word_1_211' title='bbox 569 3393 597 3446; x_wconf 90' lang='lat' dir='ltr'>in</span> <span class='ocrx_word' id='word_1_212' title='bbox 618 3393 711 3448; x_wconf 69' lang='lat' dir='ltr'>,xvii</span> <span class='ocrx_word' id='word_1_213' title='bbox 735 3393 768 3458; x_wconf 75' lang='lat' dir='ltr'>C;</span> <span class='ocrx_word' id='word_1_214' title='bbox 787 3395 814 3446; x_wconf 91' lang='lat' dir='ltr'>in</span> <span class='ocrx_word' id='word_1_215' title='bbox 836 3397 949 3464; x_wconf 83' lang='lat' dir='ltr'>septimo</span> <span class='ocrx_word' id='word_1_216' title='bbox 970 3412 1033 3448; x_wconf 88' lang='lat' dir='ltr'>uero</span> <span class='ocrx_word' id='word_1_217' title='bbox 1054 3395 1195 3462; x_wconf 84' lang='lat' dir='ltr'>decimop</span> <span class='ocrx_word' id='word_1_218' title='bbox 1248 3397 1279 3448; x_wconf 83' lang='lat'>17</span> <span class='ocrx_word' id='word_1_219' title='bbox 1295 3412 1384 3448; x_wconf 81' lang='lat' dir='ltr'>surim-</span> 
     </span>
     <span class='ocr_line' id='line_1_28' title="bbox 238 3479 1388 3550; baseline 0.002 -18"><span class='ocrx_word' id='word_1_220' title='bbox 238 3479 329 3534; x_wconf 82' lang='lat' dir='ltr'>bclO</span> <span class='ocrx_word' id='word_1_221' title='bbox 395 3481 428 3534; x_wconf 75' lang='lat'>20</span> <span class='ocrx_word' id='word_1_222' title='bbox 449 3487 514 3542; x_wconf 82' lang='lat' dir='ltr'>eret,</span> <span class='ocrx_word' id='word_1_223' title='bbox 535 3480 566 3534; x_wconf 81' lang='lat' dir='ltr'>e&#39;n</span> <span class='ocrx_word' id='word_1_224' title='bbox 584 3498 670 3550; x_wconf 76' lang='lat' dir='ltr'>enarp.</span> <span class='ocrx_word' id='word_1_225' title='bbox 691 3482 726 3534; x_wconf 84' lang='lat' dir='ltr'>al&#39;.</span> <span class='ocrx_word' id='word_1_226' title='bbox 747 3481 807 3538; x_wconf 88' lang='lat' dir='ltr'>suit.</span> <span class='ocrx_word' id='word_1_227' title='bbox 823 3501 845 3550; x_wconf 80' lang='lat' dir='ltr'>p</span> <span class='ocrx_word' id='word_1_228' title='bbox 931 3483 1123 3536; x_wconf 82' lang='lat' dir='ltr'>ssrnulrelisC</span> <span class='ocrx_word' id='word_1_229' title='bbox 1190 3483 1224 3536; x_wconf 68' lang='lat'>:³2</span> <span class='ocrx_word' id='word_1_230' title='bbox 1245 3483 1343 3536; x_wconf 82' lang='lat' dir='ltr'>isrsbel</span> <span class='ocrx_word' id='word_1_231' title='bbox 1364 3483 1388 3534; x_wconf 77' lang='lat'>(¹</span> 
     </span>
     <span class='ocr_line' id='line_1_29' title="bbox 239 3561 1386 3640; baseline 0.003 -20"><span class='ocrx_word' id='word_1_232' title='bbox 239 3569 290 3620; x_wconf 88' lang='lat' dir='ltr'>boc</span> <span class='ocrx_word' id='word_1_233' title='bbox 305 3569 451 3638; x_wconf 83' lang='lat' dir='ltr'>capitulum</span> <span class='ocrx_word' id='word_1_234' title='bbox 465 3568 526 3622; x_wconf 89' lang='lat' dir='ltr'>ideo</span> <span class='ocrx_word' id='word_1_235' title='bbox 542 3569 574 3622; x_wconf 92' lang='lat' dir='ltr'>de</span> <span class='ocrx_word' id='word_1_236' title='bbox 593 3569 711 3622; x_wconf 79' lang='lat' dir='ltr'>Llssuns</span> <span class='ocrx_word' id='word_1_237' title='bbox 732 3561 1033 3626; x_wconf 66' lang='lat' dir='ltr'>substernerent</span> <span class='ocrx_word' id='word_1_238' title='bbox 1053 3574 1081 3625; x_wconf 92' lang='lat' dir='ltr'>in</span> <span class='ocrx_word' id='word_1_239' title='bbox 1100 3572 1150 3625; x_wconf 87' lang='lat' dir='ltr'>lroo</span> <span class='ocrx_word' id='word_1_240' title='bbox 1170 3571 1287 3624; x_wconf 84' lang='lat' dir='ltr'>codicem</span> <span class='ocrx_word' id='word_1_241' title='bbox 1307 3573 1386 3640; x_wconf 79' lang='lat' dir='ltr'>posui</span> 
     </span>
    </p>
   </div>
   <div class='ocr_carea' id='block_1_5' title="bbox 191 3657 1385 3730">
    <p class='ocr_par' dir='ltr' id='par_1_6' title="bbox 191 3657 1385 3730">
     <span class='ocr_line' id='line_1_30' title="bbox 191 3657 1385 3730; baseline 0.003 -22"><span class='ocrx_word' id='word_1_242' title='bbox 191 3689 195 3696; x_wconf 89' lang='lat'>·</span> <span class='ocrx_word' id='word_1_243' title='bbox 238 3660 270 3709; x_wconf 87' lang='lat' dir='ltr'>ut</span> <span class='ocrx_word' id='word_1_244' title='bbox 293 3657 379 3710; x_wconf 87' lang='lat' dir='ltr'>lector</span> <span class='ocrx_word' id='word_1_245' title='bbox 403 3661 548 3726; x_wconf 83' lang='lat' dir='ltr'>cognoscat</span> <span class='ocrx_word' id='word_1_246' title='bbox 573 3657 639 3726; x_wconf 91' lang='lat' dir='ltr'>quid</span> <span class='ocrx_word' id='word_1_247' title='bbox 662 3657 695 3712; x_wconf 89' lang='lat' dir='ltr'>de</span> <span class='ocrx_word' id='word_1_248' title='bbox 719 3659 770 3712; x_wconf 91' lang='lat' dir='ltr'>hoc</span> <span class='ocrx_word' id='word_1_249' title='bbox 794 3676 860 3730; x_wconf 84' lang='lat' dir='ltr'>opus</span> <span class='ocrx_word' id='word_1_250' title='bbox 885 3665 977 3714; x_wconf 84' lang='lat' dir='ltr'>auctor</span> <span class='ocrx_word' id='word_1_251' title='bbox 1001 3677 1133 3730; x_wconf 81' lang='lat' dir='ltr'>exponens</span> <span class='ocrx_word' id='word_1_252' title='bbox 1158 3663 1215 3714; x_wconf 89' lang='lat' dir='ltr'>siue</span> <span class='ocrx_word' id='word_1_253' title='bbox 1236 3668 1385 3713; x_wconf 83' lang='lat' dir='ltr'>retractans</span> 
     </span>
    </p>
   </div>
   <div class='ocr_carea' id='block_1_6' title="bbox 0 0 1558 4932">
    <p class='ocr_par' dir='ltr' id='par_1_7' title="bbox 0 0 1558 4932">
     <span class='ocr_line' id='line_1_31' title="bbox 0 0 1558 4932; baseline 0 0"><span class='ocrx_word' id='word_1_254' title='bbox 0 0 1558 4932; x_wconf 95' lang='lat' dir='ltr'> </span> 
     </span>
    </p>
   </div>
  </div>
 </body>
</html>
