3072 4930
259 434 324 498 258
600 430 627 486 S.
655 429 811 484 Aurelii
838 429 1060 499 Augustini

261 627 369 692 decem
393 631 424 692 et
449 631 519 692 octo
543 628 702 692 Romanas
726 628 811 692 uires
837 629 1021 693 extenuabit
1043 633 1075 693 et
1093 647 1193 711 paene
1217 629 1407 700 consumsit;

261 734 385 800 duobus
402 733 530 817 proeliis
544 734 648 798 ,ferme
664 735 867 818 septuaginta
884 723 1097 801 Romanorum
1113 735 1203 800 milia
1216 735 1407 800 ceciderunt

260 841 388 905 Bellum
412 840 569 905 Punicum
596 841 734 923 primurn
757 861 813 924 per
835 841 951 926 uiginti
978 844 1010 906 et
1032 844 1097 907 tres
1123 860 1221 907 annos
1245 845 1407 925 peractum

260 949 323 1022 est3
349 945 470 1012 bellum
491 946 747 1012 Mithridaticum
771 947 989 1030 qnadraginta.
1012 949 1059 1013 Ac
1082 949 1310 1031 nequisquam
1332 947 1408 1012 arbi·

261 1057 363 1119 tretur
393 1053 574 1118 rudimenta
607 1053 819 1119 Romanorum
847 1053 948 1118 fuisse
975 1055 1106 1120 fortiora
1134 1053 1174 1118 ad
1201 1054 1287 1119 bella
1315 1055 1409 1118 citius
1437 1075 1448 1114 ι

260 1159 448 1244 peragenda,
482 1159 699 1241 superioribus
727 1160 924 1242 temporibus
952 1162 1091 1225 multum
1118 1161 1150 1226 in
1180 1160 1267 1226 omni
1291 1161 1409 1224 uirtute

261 1266 380 1332 landat'
357 1270 400 1332 trs
423 1266 542 1332 bellum
567 1264 700 1331 Samnit'
677 1271 778 1331 trcum
803 1267 890 1332 annis
915 1269 996 1332 tract
998 1287 1051 1330 um
1071 1271 1120 1332 est
1106 1268 1239 1332 tferme
1257 1267 1408 1349 qulnqua-

262 1375 365 1460 ginta;
398 1375 430 1438 in
459 1393 520 1456 quc
549 1373 633 1438 bello
666 1373 712 1438 ita
743 1374 877 1438 Romani
909 1374 988 1439 uicti
1022 1379 1106 1452 sunt,
1139 1378 1177 1439 nt
1204 1375 1307 1439 sub
1298 1395 1409 1460 lugam

263 1481 359 1546 etiam
383 1481 444 1544 mit
444 1482 548 1544 tteren
548 1500 594 1546 ur.
638 1478 698 1546 Sed
729 1480 803 1562 qnia
830 1499 889 1544 non
920 1480 1095 1564 diligebant
1121 1481 1256 1566 gloriam
1283 1485 1411 1564 propter

262 1587 430 1665 iustitiam,
465 1586 519 1650 sed
548 1586 705 1651 iustitiam
732 1591 861 1669 propter
888 1588 1019 1671 gloriam
1045 1586 1176 1671 diligere
1209 1587 1410 1668 uidebantur,
1428 1611 1451 1649 rb

261 1713 372 1778 pacem
405 1694 522 1758 factam
554 1693 730 1776 foedusque
762 1697 924 1777 ruperunt.
970 1694 1057 1758 Haec
1084 1694 1156 1760 ideo
1186 1713 1410 1768 commemoro,

262 1801 408 1882 qnoniam
429 1800 521 1865 mnlti
540 1799 776 1882 praeteritarum
796 1819 900 1865 rerum
917 1800 1030 1885 ignari,
1054 1801 1183 1883 qnidam
1203 1801 1299 1866 etiam
1321 1800 1411 1866 dissi·

262 1909 435 1974 mutatores
469 1927 545 1972 suae
579 1907 740 1983 scientiae,
774 1907 802 1972 si
834 1907 1032 1990 temporibus
1061 1907 1249 1973 Christianis
1282 1907 1410 1990 aliquod

263 2015 382 2080 bellum
402 2014 497 2098 paulo
517 2014 638 2078 diutius
662 2013 745 2078 trahi
764 2013 884 2092 uident,
907 2013 981 2079 ilico
1005 2015 1036 2078 in
1060 2019 1202 2080 nostram
1224 2014 1409 2098 religionem

263 2121 501 2204 proteruissime
524 2119 681 2198 insiliunt,
715 2122 936 2198 exclamantes,
966 2120 1061 2203 quod,
1095 2121 1122 2185 si
1145 2120 1217 2203 ipsa
1238 2139 1300 2184 non
1327 2123 1449 2185 esseio

264 2231 297 2291 et
319 2230 426 2292 uetere
454 2229 517 2291 ritu
550 2228 680 2291 numina
712 2228 900 2302 colerentur,
932 2227 996 2291 iam
1028 2227 1170 2291 Romana
1196 2227 1253 2290 illa
1280 2229 1411 2306 uirtute,

265 2353 344 2417 quae
378 2333 550 2398 adiuuante
578 2331 680 2398 Marte
709 2337 741 2397 et
764 2333 897 2398 Bellona
928 2336 1018 2398 tanta
1050 2333 1193 2398 celeriter
1223 2333 1311 2398 bella
1343 2353 1411 2400 con-

263 2440 350 2518 fecit,
364 2439 398 2504 id
414 2459 539 2523 quoqne
556 2440 717 2504 celenime
731 2439 885 2504 finiretur.
904 2440 1058 2505 Recolaut
1072 2441 1172 2523 igitur
1185 2439 1240 2523 qui
1253 2440 1411 2524 legerunt,

265 2566 359 2631 qnam
393 2544 541 2610 diuturna
574 2546 667 2624 bella,
701 2565 795 2627 quam
828 2546 924 2610 uariis
958 2545 1092 2624 eneutis,
1126 2563 1221 2628 qnam
1252 2545 1412 2612 luctuosis

264 2652 410 2718 cladibus
440 2671 458 2715 a
485 2652 648 2717 ueteribus
682 2652 746 2717 sint
777 2655 869 2736 gesta
900 2653 1060 2729 Romanis,
1094 2651 1180 2716 sicut
1212 2653 1297 2716 solet
1330 2653 1412 2718 orbis
1429 2681 1451 2720 a

264 2762 416 2822 terrarum
437 2759 531 2822 uelut
547 2758 854 2842 procellosissimum
867 2759 1001 2842 pelagus
1021 2757 1109 2822 uaria
1127 2759 1241 2822 talium
1256 2760 1410 2824 malornm

264 2867 456 2947 tempestate
488 2863 608 2942 iactari,
641 2865 674 2928 et
697 2864 781 2946 quod
815 2866 927 2930 nolunt
959 2865 1126 2947 aliquando
1154 2865 1325 2943 fateantur,
1358 2883 1412 2930 neo

264 2971 383 3036 insanis
421 2971 574 3036 aduersus
607 2970 709 3035 Deum
746 2971 865 3056 linguis
903 2991 937 3036 se
969 2971 1151 3036 interimant
1189 2974 1221 3036 et
1253 2971 1412 3056 decipiant

263 3079 426 3162 inperitos.

703 3201 839 3268 CAPUT
862 3201 978 3266 XXIII.
1429 3228 1453 3270 as

265 3327 318 3391 De
336 3326 450 3404 bello,
469 3325 506 3391 in
527 3346 596 3408 qno
616 3326 852 3411 Radagaisus
871 3345 932 3390 rer
952 3325 1171 3399 Gothorum,
1192 3324 1410 3390 daemonum

267 3433 404 3510 cultor,
429 3451 503 3496 nno
525 3433 584 3497 die
609 3452 689 3496 cum
713 3432 934 3516 ingentibus
955 3431 1075 3514 copiis
1095 3431 1175 3496 suis
1195 3431 1325 3496 uictus
1346 3437 1411 3495 est

313 3553 404 3634 Quod
436 3557 541 3620 tamen
574 3559 681 3621 nostra
713 3555 867 3621 memoria
898 3553 1116 3623 recentissimo
1150 3557 1292 3636 tempore
1324 3554 1411 3618 Deus

266 3660 451 3726 mirabiliter
475 3664 507 3726 et
529 3661 776 3727 misericorditer
797 3661 884 3739 fecit,
908 3680 969 3725 non
993 3679 1066 3724 cum
1091 3660 1265 3745 gratiarum
1289 3661 1412 3725 actium

305 3861 540 3916 lextenuabitL
630 3854 736 3932 pe.n.e'
758 3853 807 3916 0'
851 3861 942 3916 3XX.
962 3861 1050 3915 Illo
1125 3818 1412 3924 antelucandum

265 3995 338 4035 m
325 3981 347 4038 ⁹,
369 3977 405 4045 C,·
423 3977 560 4032 metridat.
540 3983 598 4048 tp
707 3978 800 4094 (puadr.
820 3979 898 4032 aunis
917 3975 970 4044 q²v
1063 3975 1243 4046 dpergenda,
1263 3993 1332 4032 nm.
1353 3977 1417 4032 20

268 4103 296 4156 ll
320 4099 522 4172 phedusqneG
586 4103 771 4173 lapsurae
842 4103 905 4156 ilico
925 4099 1030 4168 Ln0,·
1049 4101 1158 4155 illieoc
1214 4102 1245 4154 16
1264 4103 1417 4167 romanae

268 4219 300 4272 17
321 4217 505 4282 caeleriterO
577 4221 609 4273 19
630 4219 742 4280 euentii
761 4220 797 4274 bu
816 4237 849 4276 aa.
870 4222 931 4282 2,c
1003 4219 1038 4274 23
1057 4183 1157 4272 adnisu
1159 4216 1213 4271 [C
1283 4219 1318 4272 26
1337 4217 1413 4274 reda·

265 4334 394 4402 gastusp
449 4335 482 4388 27
503 4335 588 4404 enpiis
610 4335 633 4389 0
685 4337 783 4390 ast
739 4341 783 4390 act
784 4337 873 4389 ionem
892 4340 1084 4389 commemorat
1104 4333 1129 4387 C
