3136 4934
394 419 445 472 De
475 419 649 473 ciuitate
678 418 739 472 dei
767 418 832 490 lib.
860 419 891 472 X.
921 435 996 490 cap.
1025 421 1049 474 6.
1227 424 1291 485 455

145 613 238 676 linem
266 613 348 691 boni,
373 631 435 696 quo
458 613 612 677 ueraciter·
636 614 721 678 beati
744 632 814 678 esse
838 614 1009 696 possimus.
1053 614 1143 679 Unde
1167 618 1199 678 et
1222 615 1292 697 ipsa

145 720 373 797 misericordia,
398 740 460 802 qua
483 719 603 784 homini
627 720 825 798 subuenitur,
850 721 876 784 si
895 740 956 784 non
975 723 1104 803 propter
1121 721 1224 784 Deum
1244 720 1290 799 fit,

145 847 205 892 non
241 831 290 892 est
323 827 523 893 sacrificium.
566 827 636 891 Etsi
669 827 751 891 enim
785 828 823 890 ab
852 828 978 892 homine
1006 828 1043 892 lit
1070 829 1123 892 uel
1151 829 1290 905 offertur,

143 938 249 998 tamen
274 933 464 998 sacrificium
487 953 538 998 res
563 933 670 998 diuina
695 938 752 1010 est,
777 934 823 998 ita
845 939 882 998 ut
905 935 965 999 hoc
989 953 1113 1017 quoque
1132 936 1289 1000 uocabulo

113 1041 176 1105 sid
201 1040 303 1104 Latini
327 1044 451 1104 ueteres
476 1040 715 1122 appellauerint.
758 1039 847 1104 Unde
871 1041 939 1124 ipse
963 1041 1056 1105 homo
1081 1039 1141 1104 Dei
1163 1039 1289 1104 nomine

143 1150 346 1212 consecratus
366 1151 398 1210 et
413 1147 479 1212 Deo
499 1147 645 1226 deuotus,
660 1147 691 1210 in
713 1152 865 1230 quantum
887 1147 1003 1211 mundo
1024 1146 1157 1211 moritur
1171 1148 1208 1210 ut
1221 1147 1288 1210 Deo

141 1255 243 1329 uiuat,
268 1253 459 1318 sacrificium
483 1255 541 1318 cst.
565 1253 648 1318 Nam
671 1259 704 1318 et
726 1255 785 1319 hoc
809 1254 849 1317 ad
873 1253 1121 1318 miscricordiam
1140 1253 1287 1336 pertinet,

143 1379 237 1442 quam
263 1361 398 1444 quisque
430 1361 462 1424 in
496 1379 530 1424 ee
562 1361 668 1443 ipsum
701 1361 787 1425 lacit.
834 1361 1004 1443 Propterea
1036 1360 1189 1442 scriptum
1223 1363 1287 1422 est:

141 1468 339 1532 Miserere
376 1468 531 1532 animno
568 1470 662 1532 tuae
695 1468 863 1549 placens
896 1467 988 1532 Deo.
1036 1467 1158 1549 Corpus
1191 1465 1287 1530 etiam

98 1581 283 1639 mnostrum
310 1593 381 1638 oum
405 1573 614 1657 temperantia
636 1575 842 1659 castigamus,
876 1575 903 1638 si
931 1573 1001 1651 hoc,
1035 1592 1130 1656 quem
1159 1571 1287 1636 admo·

140 1682 215 1744 dnm
251 1681 411 1760 debemus,
444 1684 572 1763 propter
602 1680 705 1745 Deum
738 1681 883 1759 facimus,
919 1683 957 1744 ut
989 1699 1049 1744 non
1081 1678 1285 1743 exhibeamus

139 1788 281 1852 membra
308 1791 415 1852 nostra
448 1806 534 1850 arma
565 1787 742 1870 iniquitatis
771 1791 910 1870 peccato,
945 1788 1001 1852 sed
1029 1806 1114 1852 orma
1144 1785 1285 1850 iustitiae

139 1895 217 1968 Deo,
243 1893 434 1958 sacrificium
459 1897 516 1958 est.
553 1894 601 1957 Ad
627 1895 711 1976 quod
735 1895 900 1958 exhortans
930 1894 1093 1978 apostolus
1118 1895 1177 1956 ait:
1217 1891 1285 1958 Ob·

140 2020 255 2064 secro
278 2001 420 2084 itaque
444 2019 526 2075 uos,
559 2001 722 2076 fratres,
756 2021 825 2085 per
848 2000 1176 2066 misericordiam
1202 2000 1284 2076 Dei,

96 2113 182 2172 mut
225 2106 458 2172 exhibeatis
506 2127 676 2191 corpora
721 2113 861 2173 uestra
908 2108 1085 2172 hostiam
1137 2107 1284 2184 uiuam,

139 2217 332 2288 sanctam,
365 2213 445 2278 Deo
479 2216 721 2296 placentem,
759 2214 1009 2280 rationabile
1042 2213 1280 2295 obsequium

138 2325 330 2386 nestrum.
357 2320 390 2386 Si
410 2341 483 2406 ergo
508 2341 631 2404 corpus,
658 2341 719 2405 quo
739 2322 884 2387 inferiore
907 2327 1067 2404 tamqnam
1092 2319 1210 2384 famulo
1230 2320 1284 2383 uel

136 2431 299 2510 tamquam
324 2428 533 2492 instrumento
558 2429 660 2493 utitur
683 2429 794 2507 anima,
819 2449 891 2494 cum
916 2431 984 2494 eius
1003 2429 1105 2492 bonus
1126 2430 1158 2490 et
1175 2431 1282 2491 rectus

136 2553 216 2598 usne
242 2534 281 2598 ad
305 2535 407 2599 Deum
432 2536 574 2612 refertur,
600 2535 790 2600 sacrificium
816 2541 878 2600 est:
910 2539 1026 2617 quanto
1052 2533 1153 2616 magis
1179 2533 1283 2596 anima

93 2643 206 2722 reipsa
240 2660 312 2706 cum
341 2661 375 2706 ee
403 2643 499 2706 refert
526 2643 565 2706 ad
589 2642 703 2716 Deum,
736 2646 774 2706 ut
796 2642 866 2727 igne
900 2642 1016 2706 umoris
1049 2639 1116 2704 eius
1150 2657 1282 2702 accensa

136 2747 269 2812 sormam
308 2749 583 2830 concupiscentiae
617 2749 787 2814 saecularis
825 2750 952 2813 amittat
990 2748 1082 2830 cique
1118 2750 1279 2827 tamquam

136 2855 389 2920 incommutabili
421 2857 539 2920 formae
573 2855 700 2920 subdita
731 2857 930 2932 reformetur,
967 2855 1040 2919 hino
1077 2854 1105 2918 ei
1142 2855 1280 2936 placens,

137 2961 223 3043 qnod
247 2981 282 3025 er
306 2963 375 3026 eius
403 2962 641 3046 pulchritudine
675 2963 841 3046 acceperit,
874 2963 911 3026 fit
943 2961 1145 3026 sacrificium!
1189 2958 1280 3039 Quod

135 3066 218 3131 idem
244 3071 408 3150 apostolus
442 3073 669 3150 consequenter
693 3069 882 3154 adiungens:
920 3070 968 3133 Et
995 3068 1133 3144 nolite,
1166 3067 1279 3148 inquit,

93 3193 117 3232 ss
137 3176 385 3240 conformari
409 3176 504 3240 huic
523 3177 704 3252 saeoulo;
730 3177 798 3241 sed
817 3175 1095 3242 reformamini
1114 3173 1151 3238 in
1173 3174 1279 3237 noui·

135 3285 220 3344 tate
253 3283 402 3347 mentio
435 3285 599 3347 uestrae
633 3283 678 3345 ed
710 3283 959 3365 probandum
992 3301 1064 3346 uos
1089 3298 1188 3363 qnae
1222 3279 1279 3344 sit

135 3387 329 3454 uoluntas
364 3389 445 3468 Dei,
484 3389 587 3471 quod
621 3390 764 3454 bonum
797 3395 836 3455 et
867 3391 966 3454 bene
1003 3388 1201 3471 placitum
1240 3390 1279 3450 et

222 3577 457 3643 tuccitanae
513 3581 544 3634 11
565 3581 640 3634 Rom.
660 3581 685 3644 6,
706 3582 738 3634 13
796 3582 827 3636 13
846 3581 922 3635 Rom.
944 3581 986 3644 12,
1008 3580 1020 3632 1
1042 3595 1081 3648 oq.

167 3721 184 3774 2
203 3720 227 3774 si
245 3725 356 3791 propter
374 3722 461 3775 Deum
482 3739 534 3776 non
555 3722 614 3778 fito
670 3725 685 3777 5
704 3724 756 3777 Dei
776 3740 826 3777 om.
837 3741 859 3792 p
914 3725 930 3776 6
951 3726 978 3776 ot
997 3722 1025 3775 dl
1044 3683 1128 3788 dolus,
1141 3721 1173 3774 ire
1190 3737 1276 3790 morp

132 3851 160 3898 et
179 3845 212 3898 do
233 3849 306 3912 uoto,
326 3863 339 3898 e
398 3845 512 3901 deuotus
532 3847 612 3916 bpe;
631 3852 710 3902 notus
731 3849 788 3902 rell.
808 3865 831 3902 o.
851 3847 949 3902 Domb.
1006 3845 1116 3914 mundo]
1138 3845 1217 3898 niodo
1237 3845 1277 3899 bc

133 3935 165 3988 10
180 3936 362 4004 temperantia
375 3952 451 4004 nose.;
470 3953 517 4006 per
535 3939 768 4006 temperantiamu
807 3939 836 3990 11
859 3938 987 3990 faciamus
999 3955 1016 3987 α
1054 3937 1086 3989 13
1102 3937 1226 3988 exortans
1237 3935 1277 3987 bc

133 4025 164 4076 14
183 4040 231 4076 uos
250 4025 343 4094 itaque
353 4041 376 4093 p
459 4026 491 4078 14
509 4025 721 4080 misericordiam
737 4026 845 4094 apel·;
859 4026 1059 4078 miserationem
1073 4024 1132 4078 rell.
1146 4041 1162 4077 o
1176 4023 1275 4077 Domb·

132 4113 344 4166 lbuiucnteme
382 4116 414 4168 16
433 4115 592 4170 rationales
631 4115 777 4183 llqnode
831 4115 993 4168 infcriorib¹
1033 4113 1276 4181 18animaipsno

129 4238 163 4292 23
183 4254 213 4290 ex
231 4253 291 4305 sup.
313 4237 362 4291 lin.
382 4255 400 4290 a
455 4240 489 4293 26
509 4215 603 4293 ¹sensus
622 4239 716 4306 uestri,
734 4239 766 4293 in
784 4257 867 4310 nrarp.
888 4215 952 4292 nutis
972 4246 1029 4302 ule,
1049 4256 1062 4293 e
1120 4241 1153 4293 27
1174 4237 1273 4291 bonum

130 4329 172 4378 est
193 4329 221 4379 ct
241 4343 259 4378 a
