3072 4930
272 439 335 501 254
613 433 640 488 S.
668 433 827 486 Aurelii
855 429 1073 502 Augustini

271 629 428 707 humanis,
458 647 550 712 quam
582 626 611 693 si
633 627 701 693 Deo
725 628 895 693 miserante
919 625 1056 690 habeant
1078 627 1280 709 potestatem.
1327 623 1419 688 Tales

270 741 377 801 autem
415 737 558 801 homiues
598 736 732 799 uirtutes
771 753 856 810 suas,
895 735 1166 816 quantascumque
1198 731 1230 796 iu
1265 731 1323 796 bac
1351 731 1419 796 uita

269 847 407 925 possunt
424 843 550 920 babere,
574 861 635 908 nou
656 842 801 906 tribuunt
819 840 881 905 nisi
901 837 1020 924 gratiae
1037 839 1109 916 Dei,
1133 837 1219 920 quod
1238 857 1292 902 eas
1311 839 1419 902 uolon-

270 950 357 1014 tibus
402 949 603 1014 credentibus
639 947 823 1032 pet-entibus
855 945 986 1024 dederit,
1024 944 1184 1027 simulque
1215 942 1417 1028 intellegunt.

271 1061 425 1139 quantum
459 1055 520 1122 sibi
546 1055 629 1120 desit
662 1054 701 1119 ad
733 1053 959 1136 perfectionem
991 1052 1143 1132 iustitiae,
1176 1052 1280 1136 qualis
1309 1053 1359 1116 est
1384 1051 1415 1115 in
1447 1071 1458 1110 s

268 1162 396 1228 illorum
417 1165 596 1228 sanctorum
621 1162 805 1246 angelorum
826 1161 989 1238 societate,
1013 1158 1064 1224 cui
1085 1177 1119 1223 se
1137 1157 1282 1222 nituntur
1300 1161 1417 1242 aptare.

270 1267 513 1347 Quantumlibet
543 1273 649 1333 autem
681 1268 829 1332 laudetur
851 1265 953 1349 adque
976 1265 1176 1348 praedicetur
1198 1265 1314 1342 uirtus,
1339 1283 1417 1347 quae

269 1377 337 1440 sine
352 1395 428 1440 uera
441 1376 560 1457 pietate
580 1375 680 1441 seruit
693 1375 858 1440 bominum
874 1375 1003 1458 gloriae,
1024 1391 1221 1455 nequaquam
1236 1375 1415 1436 sanctorum

270 1481 391 1566 exiguis
411 1482 510 1546 initiis
531 1481 727 1564 conparanda
747 1485 805 1556 est,
826 1499 960 1563 quorum
981 1499 1054 1562 spes
1074 1479 1179 1563 posita
1197 1479 1295 1544 estin
1316 1478 1416 1562 gratia

269 1592 301 1653 et
323 1589 354 1652 in
377 1589 595 1653 misericordia
617 1589 684 1653 ueri
707 1589 776 1653 Dei.
1434 1602 1456 1642 ιο

728 1781 864 1847 CAPUT
887 1782 957 1846 XX.

269 1923 359 1988 Tam
383 1924 550 2006 turpiter
574 1923 720 1988 seruire
745 1923 912 1988 uirtutes
936 1923 1117 1986 humanae
1142 1921 1286 2006 gloriae
1307 1939 1411 2004 quam

645 2030 814 2112 corporis
839 2028 1043 2111 uoluptati.

314 2171 424 2236 Solent
450 2171 643 2255 philosophi,
677 2171 731 2254 qui
759 2171 851 2236 finem
880 2171 956 2235 boni
984 2171 1114 2236 humani
1140 2171 1173 2234 in
1200 2171 1271 2252 ipsa
1293 2170 1412 2234 uirtute

267 2279 478 2356 constituunt,
512 2276 551 2341 ad
574 2277 781 2362 ingerendum
809 2276 962 2360 pudorem
987 2276 1177 2359 quibusdam
1200 2275 1411 2358 pbilosophis.
1429 2297 1450 2337 a

268 2386 323 2467 qui
355 2385 493 2449 uirtutes
518 2384 646 2466 quidem
678 2384 821 2466 probant,
855 2383 911 2448 sed
945 2403 997 2448 eas
1030 2383 1207 2465 uoluptatis
1241 2381 1411 2464 corporalis

266 2490 326 2554 fine
360 2488 535 2556 metiuntur
569 2494 599 2554 et
631 2489 720 2554 illam
753 2510 809 2572 per
840 2509 875 2554 eo
908 2491 1010 2572 ipsam
1042 2492 1157 2572 putant
1193 2487 1411 2572 adpetendam.

266 2597 345 2660 istas
378 2600 506 2679 propter
534 2596 648 2680 ipsam,
680 2599 821 2662 tabulam
856 2596 1013 2680 quandam
1046 2596 1153 2661 uerbis
1184 2596 1326 2680 pingere,
1360 2593 1413 2658 ubi

267 2705 416 2786 uoluptas
435 2703 466 2768 in
487 2703 566 2768 sella
583 2703 683 2788 regali
702 2705 792 2787 quasi
808 2705 942 2768 delicata
961 2705 1114 2787 quaedam
1133 2703 1242 2788 regina
1260 2703 1413 2775 considat,

267 2809 360 2891 eique
388 2810 525 2874 uirtutes
558 2809 695 2874 saniculae
725 2811 932 2889 subiciantur,
966 2811 1172 2876 obseruantes
1196 2810 1266 2874 eius
1290 2811 1452 2885 autumer
1529 2857 1530 2894 ,

267 2925 304 2980 ut
326 2916 443 2980 saciant
467 2916 551 2999 quod
579 2915 635 2980 illa
662 2917 876 2999 imperauerit,
909 2936 988 3000 quae
1015 2915 1201 3000 prudentiae
1224 2915 1345 2991 iubeat,
1378 2919 1412 2978 ut
1529 2895 1530 2903 ἵ

267 3021 439 3105 uigilanter
465 3021 613 3103 inquirat,
649 3042 710 3105 quo
743 3023 838 3088 modo
871 3024 1020 3105 uoluptas
1051 3025 1163 3108 regnet
1185 3025 1217 3087 et
1240 3021 1332 3086 salua
1355 3021 1410 3095 sit;

266 3127 409 3192 iustitiae
432 3129 552 3204 iubeat,
585 3131 621 3192 ut
647 3132 789 3210 praestet
814 3129 968 3194 beneficia
991 3148 1070 3212 quae
1097 3131 1206 3211 potest
1232 3126 1272 3191 ad
1301 3145 1412 3209 coupa-

266 3234 379 3299 randas
398 3235 555 3300 amicitias
575 3235 789 3318 corporalibus
809 3237 985 3302 commodis
999 3236 1204 3310 necessarias,
1223 3234 1305 3298 nulli
1319 3233 1415 3298 faciat

265 3340 423 3418 iniuriam,
443 3359 481 3404 ne
501 3341 628 3405 offensis
642 3341 768 3424 legibus
787 3342 937 3424 uoluptas
957 3344 1067 3407 uiuere
1086 3361 1198 3407 secura
1216 3359 1276 3406 non
1293 3340 1410 3424 possib
1429 3361 1452 3403 a
1528 3327 1529 3361 ¹

265 3446 443 3511 fortitudini
467 3447 584 3524 iubeat,
608 3451 655 3525 ut,
680 3447 707 3512 si
732 3448 821 3514 dolor
840 3451 961 3533 corpori
981 3449 1161 3528 accesserit,
1185 3449 1320 3532 quinon
1341 3467 1414 3514 con-

266 3553 367 3635 pellat
390 3554 420 3617 in
444 3557 588 3632 mortem,
621 3559 729 3620 teneat
757 3557 914 3622 dominam
943 3576 1044 3634 suam,
1067 3555 1101 3620 id
1129 3559 1178 3620 est
1201 3557 1413 3638 uoluptatem,

266 3659 389 3724 fortiter
411 3659 443 3724 in
477 3661 572 3726 animi
605 3662 809 3746 cogitatione,
842 3666 880 3728 ut
910 3683 966 3746 per
997 3663 1202 3748 pristinarum
1226 3659 1413 3726 deliciarum

357 3851 391 3904 14
410 3850 465 3906 Cic.
484 3851 544 3905 Flu.
563 3851 599 3914 ΙΙ,
619 3853 651 3906 21

303 3954 337 4009 10
355 3956 384 4008 in
402 3954 588 4010 misericordia
605 3956 706 4026 unp,
725 3959 752 4012 in
771 3975 822 4016 orn.
841 3959 900 4013 rell.
918 3977 934 4016 a
952 3960 1052 4016 Domb.
1144 3961 1177 4014 12
1201 3959 1304 4029 gloriae
1324 3975 1412 4026 orrap

268 4044 302 4097 16
320 4043 527 4113 prouantLA¹
583 4046 615 4100 18
634 4045 774 4116 talbulam,
792 4051 822 4101 ta
840 4049 963 4102 rn.2s‘a
980 4049 1113 4119 marp.,0
1165 4049 1198 4102 19
1216 4047 1295 4116 aella]
1315 4046 1412 4102 sedec

267 4129 392 4196 delicata,
411 4148 427 4185 a
444 4131 476 4184 in
488 4132 550 4201 fiac
566 4150 627 4188 uec.
642 4135 863 4192 militarunt)
932 4136 1107 4193 consideato
1160 4137 1192 4190 21
1210 4133 1294 4206 quod]
1311 4151 1412 4205 quaen

265 4247 300 4300 22
319 4212 436 4316 regnato
487 4247 754 4320 24faciantLd¹p
810 4253 996 4308 attineret
1066 4269 1162 4308 secura
1174 4269 1260 4307 orm
1313 4251 1349 4306 26
1368 4269 1411 4307 ac·

265 4335 379 4388 cesserit
395 4335 496 4404 Lupa·
515 4338 644 4392 acciderit
665 4338 763 4394 Orell.
782 4358 798 4394 o
816 4341 915 4398 Domb.
970 4343 1005 4398 28
1024 4343 1107 4397 animi
1125 4342 1157 4397 ia
1173 4357 1230 4396 rao.
1252 4339 1277 4394 0
