3136 4928
255 420 321 484 550
520 469 522 474 ,
601 419 628 473 S.
657 413 1059 486 Aurcllidugustini

254 615 319 676 tarn
343 611 444 676 uitam
468 611 636 694 tripertita,
660 615 697 676 ut
721 610 794 688 dixi,
818 631 836 676 a
858 610 1058 693 philosophis
1080 611 1212 676 inuenta
1235 613 1285 676 est
1311 611 1408 676 disci·

252 719 349 801 plina,
373 717 526 783 naturalis
549 721 679 801 propter
701 722 856 796 naturam,
879 717 1042 784 rationalis
1066 720 1194 801 propter
1216 715 1407 796 doctrinam,

254 825 383 890 moralis
412 827 541 908 propter
567 843 673 890 usum.
712 823 746 890 Si
773 843 850 909 ergo
879 827 991 890 natura
1018 827 1127 888 nostra
1150 826 1237 889 esset
1259 844 1278 888 a
1300 824 1407 900 nobis,

253 931 393 1015 profecto
432 933 465 995 et
500 931 640 996 nostram
678 949 734 995 nos
768 930 990 1014 genuissemus
1023 928 1222 1013 sapientiam,
1246 949 1304 994 nec
1334 947 1407 995 eam

254 1037 408 1114 doctrina,
441 1037 474 1102 id
511 1039 561 1104 est
593 1036 720 1101 aliunde
749 1037 912 1115 discendo,
944 1037 1104 1120 percipere
1136 1056 1334 1114 curaremus3
1374 1041 1408 1103 et
1440 1059 1457 1098 e

254 1145 361 1210 noster
388 1163 477 1208 amor
504 1163 522 1208 a
545 1142 636 1208 nobis
664 1143 825 1225 profectus
850 1145 882 1208 et
905 1143 945 1208 ad
968 1163 1026 1208 uos
1048 1144 1169 1208 relatus
1194 1146 1227 1208 et
1249 1143 1289 1208 ad
1312 1143 1407 1208 beate

252 1249 427 1316 uiuendum
460 1249 631 1326 sufficeret,
655 1268 713 1316 neo
746 1250 826 1316 bono
859 1250 921 1314 alio
956 1269 1018 1333 quc
1051 1249 1228 1314 frueremur
1258 1250 1326 1316 ullo
1359 1251 1408 1314 in·

254 1357 390 1441 digeret3
419 1375 502 1421 nunc
526 1375 601 1420 uero
627 1355 701 1438 quia
724 1359 836 1420 natura
859 1359 976 1434 nostra,
1000 1359 1036 1420 ut
1060 1359 1156 1434 esset,
1179 1356 1284 1420 Deum
1307 1357 1409 1420 habet

254 1468 425 1541 auctorem,
458 1464 568 1547 procul
606 1463 702 1528 dubio
739 1468 777 1528 ut
806 1482 882 1528 uera
914 1463 1076 1546 sapiamus
1108 1464 1216 1547 ipsum
1248 1463 1408 1530 debemus

253 1571 369 1636 habere
398 1570 570 1648 doctorem,
593 1571 700 1654 ipsum
730 1571 826 1635 etiam
855 1576 892 1635 ut
917 1570 1004 1636 beati
1031 1571 1132 1636 simus
1162 1571 1333 1636 suauitatis
1357 1571 1407 1634 in·
1430 1591 1462 1630 ro

253 1677 349 1742 timae
371 1678 565 1762 largitorem.

691 1853 828 1919 CAPUT
848 1853 965 1932 ‚xxm

255 1996 310 2060 De
351 1995 529 2079 imagine
571 2014 746 2061 summae
783 1995 1005 2074 trinitatis,
1043 2015 1142 2078 quae
1180 1997 1409 2062 sacrandum

256 2102 450 2184 quendam
485 2102 642 2167 modum
674 2102 713 2167 in
745 2105 894 2168 natura
927 2102 1047 2168 otiam
1081 2102 1250 2170 necdum
1278 2103 1410 2168 beati-

544 2209 664 2273 ficati
686 2209 863 2275 hominis
887 2209 1111 2276 inuenitur.
1431 2231 1461 2270 15

297 2349 341 2416 Et
362 2371 418 2416 nos
444 2351 571 2432 quidem
595 2351 627 2415 in
646 2351 748 2430 nobis,
766 2351 896 2416 tametsi
915 2370 974 2417 non
994 2353 1170 2433 aequalem,
1189 2351 1288 2416 immo
1307 2351 1411 2417 ualde

252 2458 410 2542 longeque
439 2457 620 2534 distantem,
645 2477 746 2540 neque
770 2462 967 2522 coaeternam
992 2463 1033 2534 et,
1058 2477 1119 2540 quo
1144 2458 1274 2523 breuius
1297 2461 1410 2522 totum

254 2563 379 2642 dicitur,
395 2584 456 2629 non
468 2563 613 2629 'eiusdem
629 2564 837 2642 substantiae,
853 2565 945 2630 cuius
960 2565 1048 2630 Deus
1061 2571 1122 2643 est,
1136 2569 1241 2658 tamen
1258 2583 1320 2647 qua
1334 2565 1409 2629 Deo

254 2671 331 2734 nihil
360 2669 403 2736 sit
430 2672 461 2734 in
491 2673 585 2736 rebus
608 2670 648 2735 ab
673 2691 709 2736 eo
733 2671 827 2736 factis
851 2673 964 2736 natura
987 2672 1207 2756 propinquius,
1230 2671 1410 2756 imaginem

254 2777 324 2856 Dei,
344 2779 405 2844 hoo
429 2781 478 2843 est
495 2777 584 2843 illins
605 2797 747 2842 summae
765 2778 930 2854 trinitatis,
950 2779 1164 2863 agnoscimus,
1185 2777 1288 2842 adhuc
1307 2777 1410 2841 refor-
1429 2802 1460 2840 aa

255 2884 392 2949 mationa
416 2883 647 2968 perficiendam,
666 2888 704 2948 ut
727 2885 770 2949 sit
793 2885 889 2950 etiam
913 2883 1121 2950 similitudine
1145 2883 1296 2968 proxima.
1320 2881 1408 2947 Nam

255 2995 287 3054 et
310 3011 423 3056 sumus
447 2995 480 3056 et
502 3011 559 3056 nos
584 3011 655 3056 esee
679 2992 827 3056 nouimus
851 2997 884 3056 et
906 2991 939 3055 id
963 3011 1034 3056 esse
1058 3011 1094 3056 ao
1113 3010 1206 3056 nosse
1225 2989 1407 3074 diligimus

253 3098 288 3162 In
313 3099 362 3164 his
387 3100 494 3163 autem
518 3097 631 3175 tribus,
656 3116 736 3181 quae
761 3097 834 3175 dixi,
858 3097 945 3162 nulla
967 3116 1025 3162 nos
1047 3097 1172 3162 falsitas
1194 3095 1262 3161 ueri
1285 3095 1409 3160 similis

254 3204 370 3269 turbat.
408 3201 478 3269 Non
508 3203 591 3268 enim
621 3222 658 3267 ea
685 3203 771 3268 sicut
796 3204 862 3282 illa,
887 3223 968 3286 quac
995 3203 1071 3269 foris
1099 3206 1183 3282 sunt,
1210 3202 1277 3268 ullo
1307 3219 1407 3266 sensu

254 3311 393 3393 corporis
429 3310 602 3394 tangimus,
635 3311 727 3374 uelut
765 3311 886 3374 colores
922 3309 1070 3389 uidendo,
1104 3329 1198 3375 sonos
1236 3308 1409 3384 audiendo,
1431 3337 1464 3378 aa

254 3415 365 3481 odores
394 3416 581 3494 olfaciendo,
609 3435 738 3500 sapores
767 3417 935 3500 gustando,
960 3417 1039 3481 dura
1066 3419 1099 3480 et
1125 3415 1235 3480 mollia
1263 3421 1412 3480 contrec-

253 3523 348 3586 tando
368 3521 534 3602 sentimus,
549 3543 683 3605 quorum
703 3523 900 3587 sensibilium
922 3523 1017 3587 etiam
1036 3523 1191 3608 imagines
1212 3523 1258 3588 eis
1277 3521 1411 3586 similli-

290 3711 537 3783 ltripertitamV
590 3712 854 3780 asarsualim
908 3711 1127 3777 5doctrinamt
1187 3713 1253 3766 det
1272 3711 1308 3766 ad
1330 3713 1412 3782 th

253 3801 594 3868 Domd.,·etom.oblo
692 3799 790 3854 beatae
814 3799 840 3853 V
920 3799 1008 3854 telio
1029 3799 1158 3870 bonopt
1252 3799 1412 3861 duamur&

255 3891 287 3945 10
307 3889 446 3946 ductorem
461 3889 482 3943 1¹
539 3891 572 3944 14
591 3892 716 3946 naturam
736 3887 763 3941 V
816 3891 848 3942 15
868 3889 985 3944 hominis
1003 3888 1143 3943 inuenitur
1161 3887 1256 3958 σπη’
1314 3892 1347 3946 16
1366 3889 1416 3959 Et

253 4014 362 4085 quidem
381 4031 431 4068 nos
451 4032 469 4067 o
543 4013 576 4068 18
595 3991 704 4080 dicitur,
721 4014 754 4067 in
771 4031 857 4084 marg.
878 3990 1025 4074 dicatum
1097 4017 1139 4067 est
1156 4013 1266 4068 Denso
1339 4015 1413 4084 quia

257 4139 336 4194 V¹at
409 4141 442 4192 19
461 4141 585 4193 naturam
610 4137 636 4192 V
704 4138 740 4192 20
758 4155 878 4192 summae
897 4138 1005 4192 illinsa
1095 4113 1191 4200 adhue,
1210 4137 1243 4212 io
1261 4155 1347 4209 marg.
1365 4115 1412 4195 ad

252 4228 311 4291 hoc,
332 4246 360 4296 e;
379 4229 413 4282 ed
432 4229 462 4283 lt
552 4227 772 4282 reformationem
790 4228 980 4298 perficiendam
999 4227 1054 4284 eli
1125 4227 1160 4280 22
1180 4226 1208 4280 id
1227 4243 1279 4284 om.
1304 4227 1415 4286 Vabl

253 4318 287 4369 25
308 4316 458 4373 audiendos
482 4316 516 4368 1⁷¹
846 4331 847 4336 ¹
