3072 4930
265 427 330 492 260
611 424 637 479 S.
666 423 822 479 Aurelii
850 423 1070 494 Augustini

266 619 413 706 grauiora
441 619 552 704 <pati>
585 617 698 703 dignos
731 637 834 684 mores
867 617 1032 684 hominum
1067 618 1233 704 castigare,
1270 616 1412 702 indigua·

265 730 383 794 tionem
409 746 499 791 auam
523 729 612 792 tauta
635 725 878 792 mausuetudine
901 725 1102 807 temperant,
1135 727 1173 788 ut
1194 722 1287 788 illum
1312 724 1411 806 primo

264 835 382 900 iaceret
404 833 592 898 mirabiliter
614 833 710 910 uinci,
735 852 772 897 ne
797 833 836 897 ad
858 831 1054 897 infirmorum
1079 831 1200 897 animos
1224 831 1412 896 euertendos

264 941 372 1026 gloria.
388 941 514 1006 daretur
536 939 753 1018 daemonibus,
787 940 903 1023 quibus
932 957 1004 1004 eum
1030 937 1208 1021 supplicare
1231 939 1411 1007 constabat:

265 1047 376 1114 deinde
408 1049 449 1112 ab
476 1047 526 1112 his
555 1047 696 1112 barbaris
726 1047 830 1111 Roma
857 1049 1031 1129 caperetur,
1065 1045 1119 1128 qui
1147 1047 1259 1110 contra
1286 1063 1411 1110 omnem
1440 1065 1452 1104 s

265 1153 530 1222 cousuetudinem
552 1156 715 1238 gestorum
741 1155 813 1218 ante
836 1153 992 1218 bellorum
1017 1153 1055 1217 ad
1079 1153 1284 1218 locosancto
1309 1151 1413 1217 coniu-

265 1259 387 1347 gientes
422 1259 618 1326 Christianae
651 1259 814 1344 religionis
849 1260 1027 1324 reuerentia
1068 1262 1232 1324 tuerentur
1269 1258 1411 1342 ipsisque

265 1367 472 1435 daemonibus
501 1366 603 1449 adque
631 1365 789 1450 inpiorum
819 1365 1044 1431 sacrificiorum
1071 1365 1197 1442 ritibus,
1228 1364 1267 1428 de
1295 1365 1411 1447 quibus

264 1477 319 1540 ille
352 1475 595 1558 praesumserat,
634 1473 680 1538 sic
717 1473 960 1538 aduersareutur
992 1472 1118 1536 nomine
1146 1470 1341 1549 Christiano,
1378 1474 1412 1535 ut

264 1583 357 1666 longe
382 1580 520 1646 atrocius
544 1579 664 1644 bellum
698 1598 771 1644 oum
800 1579 846 1644 eis
871 1599 965 1662 quem
994 1597 1067 1643 cum
1096 1578 1279 1644 homiuibus
1304 1597 1452 1662 gererem

263 1689 461 1764 uiderentur3
483 1687 529 1751 ita
542 1705 638 1751 uerus
654 1686 802 1750 domiuus
817 1686 1069 1770 gubernatorque
1084 1705 1188 1750 rerum
1204 1692 1237 1749 et
1250 1685 1411 1750 Romanos

264 1815 336 1862 oum
378 1792 596 1858 misericordia
635 1792 820 1876 flagellauit
863 1795 895 1856 et
937 1794 1003 1855 tam
1047 1790 1274 1856 incredibiliter
1315 1792 1411 1856 uictis

263 1899 532 1986 supplicatoribus
552 1899 741 1964 daemonum
759 1917 817 1964 nec
842 1898 938 1964 saluti
956 1918 1061 1963 rerum
1075 1899 1289 1980 praesentium
1304 1917 1411 1963 neces-

263 2007 346 2073 sarie
369 2025 438 2072 esse
464 2005 617 2071 sacrificia
640 2006 697 2070 illa
720 2006 921 2082 monstrauit,
946 2008 983 2069 ut
1007 2004 1046 2070 eb
1070 2004 1121 2070 his
1144 2005 1198 2087 qui
1222 2025 1283 2070 non
1308 2005 1409 2088 perui-

263 2114 379 2179 caciter
415 2111 618 2188 contendunt,
666 2112 722 2176 sed
754 2111 923 2195 prudenter
956 2111 1142 2189 adtendunt,
1188 2131 1244 2177 uec
1281 2114 1450 2195 proptera

262 2222 444 2304 praesentes
469 2219 676 2284 necessitates
702 2238 778 2284 uera
799 2219 910 2302 religio
935 2218 1109 2296 deseratur,
1130 2221 1161 2284 et
1184 2219 1287 2304 magis
1312 2223 1408 2283 eeter-

261 2345 318 2392 nae
341 2326 428 2390 uitae
451 2324 637 2389 fidelissima
661 2325 875 2410 expectatione
899 2329 1053 2390 teneatur.

691 2518 827 2584 CAPUT
851 2519 983 2585 XXHII.

264 2643 368 2724 Quae
401 2644 453 2709 sit
482 2643 786 2710 Christianorum
819 2643 1089 2727 imperatorum
1119 2646 1156 2708 et
1184 2662 1291 2725 quam
1320 2662 1408 2707 uera

744 2749 925 2815 felicitas.
1424 2781 1449 2820 ῃ

306 2871 417 2956 Neque
455 2874 538 2938 euim
575 2893 632 2939 nos
670 2873 866 2939 Christianos
900 2873 1054 2956 quosdam
1092 2873 1300 2958 imperatores
1337 2873 1407 2937 ideo

260 2979 370 3045 felices
395 2980 541 3057 dicimus,
575 2979 649 3062 quia
682 2981 733 3044 uel
758 2979 879 3044 diutius
906 2979 1102 3064 imperarunt
1132 2981 1185 3045 uel
1218 2981 1408 3064 imperantes

261 3085 344 3150 filios
369 3089 471 3151 morte
502 3086 628 3169 placida
655 3086 863 3169 reliquerunt,
894 3088 947 3150 uel
975 3088 1084 3152 hostes
1112 3087 1156 3151 rei
1184 3087 1333 3169 publicae
1357 3086 1406 3150 do·

260 3195 409 3257 muemnt
430 3194 484 3258 uel
507 3193 652 3258 inimicos
677 3194 764 3258 ciues
788 3192 940 3258 aduersus
964 3213 998 3258 se
1021 3194 1221 3278 insurgentes
1247 3198 1280 3257 et
1298 3211 1407 3258 cauere

261 3301 293 3363 et
316 3298 492 3380 obprimere
521 3301 702 3380 potueruut.
742 3298 829 3363 Haec
857 3302 889 3363 et
917 3299 979 3364 ulia
1005 3300 1091 3364 uitae
1115 3300 1210 3365 huius
1242 3317 1406 3364 aerumno-
1422 3318 1448 3360 as

260 3423 313 3470 sae
337 3404 391 3468 uel
413 3422 544 3468 munero
566 3404 617 3498 uel
642 3405 760 3469 solacia
783 3406 912 3489 quidam
936 3407 1031 3470 etiam
1057 3407 1194 3472 cultores
1219 3407 1406 3471 daemonum

298 3597 310 3648 l
340 3594 465 3663 grauiora
491 3595 549 3663 pati
578 3594 675 3664 dignos
701 3593 761 3663 Co;
788 3596 913 3664 grauiora
936 3594 1033 3664 dignos
1057 3595 1257 3662 Ldbo¹irf,·
1283 3598 1407 3667 grauiore

261 3683 359 3753 dignos
379 3679 553 3750 a¹dea²t²;
571 3683 690 3752 grauiuri
709 3683 806 3752 dignos
827 3683 883 3754 u²p
949 3685 966 3738 2
983 3684 1149 3753 temperabit
1166 3685 1204 3738 L¹
1277 3687 1367 3755 primu
1386 3685 1409 3738 Ο

260 3774 277 3825 4
297 3771 392 3840 auplic.
411 3771 437 3824 L
450 3770 482 3824 0¹
573 3773 589 3824 6
607 3771 740 3826 bellorum
759 3776 822 3827 ente
841 3776 945 3842 gestu
1038 3774 1056 3827 8
1074 3773 1265 3828 sacrificiorum
1285 3791 1320 3828 ua.
1340 3778 1360 3828 2
1377 3775 1408 3826 in

260 3875 346 3930 scorp.
370 3861 393 3912 0
454 3862 470 3914 9
490 3859 680 3914 aduersaretur
698 3860 730 3913 0¹
803 3862 911 3915 nomine
929 3861 988 3914 Lu
1002 3861 1061 3916 Oo¹
1074 3863 1089 3915 b
1101 3862 1156 3930 dq¹
1174 3861 1288 3927 Domb.‚·
1306 3863 1406 3916 nomini

259 3991 288 4042 e,·
306 3991 353 4044 pro
373 3976 482 4029 nomine
503 3973 623 4044 c²pq²o
697 3975 727 4029 11
750 3976 803 4041 dus,
822 3977 854 4030 nl
869 3977 901 4030 in
919 3993 984 4042 rua„
1007 3978 1030 4030 U
1109 3943 1405 4046 gubernatiffi‘t'i'iiia·

258 4090 354 4144 nusG
420 4091 453 4144 13
473 4091 599 4160 suplicat.
618 4091 645 4144 L
717 4091 859 4146 salutisG
913 4093 946 4146 14
966 4092 1012 4162 qui
1031 4109 1082 4146 om.
1102 4091 1135 4148 0¹
1192 4093 1224 4146 16
1242 4049 1408 4148 necessitati

259 4207 455 4282 praesensere
525 4207 621 4278 religio
641 4224 739 4263 uerae
793 4209 827 4262 22
846 4207 934 4262 felicis
953 4207 985 4262 0¹
1040 4209 1076 4262 24
1094 4209 1207 4262 oibesL
1262 4175 1408 4264 caueietC

337 4287 355 4310 m

259 4321 293 4376 26
313 4319 428 4376 doenum
447 4339 481 4376 os.
501 4329 554 4376 aet.
574 4321 736 4377 sardeorum
756 4339 825 4379 corr.
844 4322 885 4391 L,·
903 4323 1073 4395 dqmmonum
1093 4327 1116 4378 Λ
