3164 4932
369 421 420 475 De
449 423 624 476 ciuitate
653 423 713 478 dai
742 423 806 477 lib.
835 423 895 478 XII.
925 441 1001 494 cap.
1030 425 1054 478 2.
1079 425 1104 480 3.
1246 429 1310 492 569

163 620 196 679 et
212 615 285 679 ideo
299 614 497 679 inmutabilis
514 616 571 680 sit:
591 617 696 693 rebus,
713 637 791 700 quas
809 637 844 682 ex
858 619 957 684 nihilo
978 621 1108 698 creauit,
1124 640 1194 686 esse
1214 620 1311 698 dedit,

165 723 220 786 sed
248 740 309 786 non
338 739 462 786 summe
491 740 571 798 esso,
598 722 683 787 sicut
706 727 756 788 est
778 723 862 807 ipse;
892 727 925 788 et
948 725 1018 789 aliis
1043 725 1131 790 dedit
1154 743 1224 790 osse
1249 745 1312 791 am-

163 829 258 912 plius,
296 828 367 892 aliis
400 828 516 906 minus,
546 827 648 911 adque
680 830 725 893 ita
757 834 886 894 naturas
919 831 1128 896 essentiarum
1162 832 1311 917 gradibus

164 935 323 1000 ordinauit
335 934 434 1020 (sicut
452 936 535 1000 enim
556 935 593 1000 ab
615 955 662 1014 eo,
683 934 767 1018 quod
787 939 837 1001 est
856 955 975 1019 sapere,
995 941 1128 1002 uocatur
1147 939 1311 1022 sapientia,

132 1043 210 1106 asic
248 1043 286 1106 ab
324 1061 371 1118 eo,
405 1041 489 1124 quod
522 1045 572 1106 est
604 1061 684 1116 esse,
718 1047 853 1107 uocatur
885 1043 1032 1122 essentia,
1065 1063 1148 1110 nouo
1184 1043 1311 1126 quidem

163 1150 299 1228 nomine,
328 1168 389 1232 quo
417 1148 469 1212 usi
497 1152 621 1213 ueteres
650 1168 711 1212 non
741 1153 816 1213 sunt
842 1150 946 1214 Latini
974 1150 1127 1215 sermonis
1156 1155 1312 1227 auctores,

164 1256 219 1321 sed
247 1256 310 1320 iam
337 1255 455 1320 nostris
478 1255 676 1338 temporibus
700 1255 831 1331 usitato,
855 1275 892 1320 ne
917 1257 1043 1322 deesset
1066 1257 1162 1321 etiam
1185 1257 1312 1342 linguae

163 1366 299 1441 nostrae,
333 1361 418 1445 quod
447 1360 559 1425 Graeci
593 1362 755 1445 appellant
781 1357 902 1436 odotem
936 1362 996 1426 hoc
1024 1363 1107 1427 enim
1135 1363 1267 1428 uerbum
1296 1383 1311 1428 e

164 1469 260 1534 uerbo
294 1487 477 1552 expressum
510 1472 569 1546 est,
603 1471 639 1532 ut
667 1466 825 1533 diceretur
852 1469 1018 1554 essentia);
1052 1489 1087 1535 ac
1113 1489 1170 1553 per
1196 1470 1255 1536 hoc
1284 1471 1312 1536 ei

120 1603 146 1642 ιο
164 1579 306 1654 naturae,
343 1595 423 1658 quae
461 1593 584 1640 surnme
624 1577 683 1652 est,
721 1594 783 1656 qua
820 1575 954 1640 faciente
987 1578 1062 1641 sunt
1094 1596 1312 1660 quaecumque

166 1686 251 1760 sunt,
275 1683 431 1747 contraria
455 1685 565 1746 natura
588 1701 650 1746 non
675 1684 733 1756 est,
757 1681 821 1746 nisi
845 1700 924 1764 quae
948 1702 1008 1747 non
1033 1685 1092 1750 cst.
1124 1684 1162 1748 Ei
1186 1684 1312 1767 quippe,

164 1789 249 1873 quod
278 1792 335 1867 ost,
364 1809 426 1854 non
450 1808 519 1854 esse
544 1789 733 1853 contrarium
758 1791 817 1853 est.
855 1788 896 1853 Et
918 1795 1083 1873 propterea
1106 1791 1184 1871 Deo,
1207 1790 1241 1854 id
1265 1795 1314 1855 est

166 1915 309 1962 summae
338 1896 494 1962 essentiae
524 1898 556 1960 et
583 1895 704 1960 auctori
732 1895 872 1960 omnium
902 1897 1182 1980 qualiumcumque
1209 1917 1313 1962 casen-

164 2004 292 2080 tiarum,
317 2002 455 2068 essentia
477 2003 565 2066 nulla
588 2001 743 2066 contraria
766 2005 825 2066 est.

123 2223 148 2262 ra
630 2194 767 2260 CAPUT
790 2196 846 2259 Ill.

165 2338 219 2402 De
248 2337 430 2402 inimicis
454 2337 526 2402 Dei
555 2356 629 2401 non
658 2356 726 2420 per
754 2341 948 2414 naturam,
973 2335 1042 2400 sed
1065 2355 1134 2419 per
1157 2343 1312 2400 contra·

165 2444 263 2508 riam
305 2445 572 2518 uoluntatem,
610 2463 712 2527 quae
750 2462 836 2507 cum
874 2443 980 2527 ipsis
1017 2446 1147 2520 nocet,
1184 2443 1312 2507 bonae

166 2552 309 2633 utique
343 2555 511 2616 naturae
545 2553 673 2628 nocet,
707 2551 801 2633 quia
828 2550 987 2627 uitium,
1017 2550 1153 2614 sinon
1183 2551 1312 2628 nocet,

652 2659 821 2720 nonest.

121 2831 147 2870 eo
215 2800 371 2865 Dicuntur
397 2802 504 2864 autem
533 2801 564 2864 in
593 2799 760 2883 scripturis
788 2799 909 2863 inimici
933 2798 1004 2876 Dei,
1029 2797 1082 2880 qui
1106 2817 1166 2864 uon
1191 2799 1312 2874 natura,

167 2906 225 2972 sed
252 2907 342 2970 uitiis
371 2905 579 2971 aduersantur
607 2905 676 2970 eius
699 2905 842 2989 imperio,
867 2905 946 2968 nihil
971 2905 1000 2969 ei
1023 2905 1167 2968 ualentes
1191 2921 1313 2980 nocere,

167 3014 222 3078 sed
247 3013 318 3079 sibi.
342 3013 467 3078 Inimici
492 3015 574 3078 enim
595 3016 670 3077 sunt
692 3011 860 3077 resistendi
879 3012 1056 3088 uoluntate,
1076 3030 1136 3075 non
1154 3011 1314 3092 potestate

165 3119 320 3186 laedendi.
351 3119 439 3185 Deus
467 3138 602 3202 nemque
630 3119 828 3184 inmutabilis
857 3122 908 3184 est
935 3123 966 3182 et
990 3117 1192 3183 omnimodo
1216 3117 1315 3182 incor-

165 3227 340 3310 ruptibilis.
376 3227 498 3291 Idcirco
529 3227 655 3303 uitium,
681 3246 743 3308 quo
766 3226 921 3290 resistunt
945 3226 1012 3290 Deo
1038 3225 1092 3308 qui
1117 3225 1186 3289 eius
1210 3223 1315 3308 appel-

121 3361 148 3402 aa
166 3336 273 3399 lantur
299 3333 430 3410 inimici,
458 3353 516 3398 non
547 3337 598 3398 est
620 3333 698 3411 Deo,
728 3333 784 3396 sed
807 3333 887 3416 ipsis
912 3333 1043 3413 malum,
1067 3351 1168 3413 neque
1192 3331 1251 3396 hoc
1275 3330 1314 3394 ob

168 3441 265 3520 aliud,
289 3440 351 3504 nisi
375 3441 448 3522 quia
468 3441 642 3524 corrumpit
660 3440 692 3504 iu
713 3441 758 3504 eis
778 3442 907 3503 naturae
925 3438 1055 3503 bonum.
1080 3437 1201 3502 Natura
1218 3435 1317 3522 igitur

169 3548 324 3612 contraria
356 3565 417 3611 non
451 3551 501 3610 ast
528 3548 594 3611 Deo
629 3545 685 3610 sed
717 3545 844 3622 uitium,
874 3544 948 3627 quia
975 3544 1093 3608 malum
1126 3542 1315 3607 contrarium

168 3657 218 3719 est
244 3653 337 3718 bono.
381 3649 460 3730 Quis
490 3655 597 3715 autem
626 3654 720 3735 neget
743 3650 845 3714 Deum
877 3668 1000 3713 summe
1024 3649 1165 3713 bonum?
1193 3647 1315 3712 Vitium

204 3877 297 3950 2ipsc
318 3881 394 3934 esto
485 3877 664 3931 lusitatiot
754 3875 895 3946 Sedetano]
916 3876 994 3929 usian
1013 3875 1091 3929 codd.
1201 3889 1318 3929 cottae

168 3968 203 4021 22
221 3969 361 4036 potestate
379 3963 517 4034 laedendi]
538 3964 653 4018 nocendi
671 3967 811 4033 potestate
831 3963 841 4016 l
894 3963 929 4016 23
947 3961 1161 4031 incorruptibilia
1176 3961 1219 4032 lys,
1239 3977 1317 4015 eraso

169 4059 219 4119 est,
240 4055 266 4108 V
317 4055 352 4108 24
372 4052 470 4123 quodi
523 4053 670 4122 26quaV
722 4053 756 4106 27
775 4051 1066 4105 nonestcoutrariao
1139 4037 1326 4118 quiamalnm'

169 4143 334 4199 contrarium
350 4147 392 4197 eat
405 4142 477 4196 bono
493 4141 563 4210 bp²5
578 4141 642 4211 quia
655 4141 755 4195 malum
771 4143 812 4194 est
827 4139 992 4194 contrarium
1006 4137 1077 4192 bono
1094 4155 1125 4205 c;
1140 4139 1205 4210 quia
1218 4138 1318 4192 malum

170 4237 213 4290 ast
236 4239 321 4288 contr.
346 4235 389 4286 est
410 4230 482 4286 bono
507 4230 638 4299 le¹ta
650 4240 674 4299 f
688 4229 804 4296 Domb.,·
832 4233 860 4282 et
888 4230 953 4298 quia
975 4228 1075 4282 malum
1099 4231 1142 4280 est
1168 4231 1252 4281 contr.
1277 4229 1320 4280 est

169 4323 241 4376 bono
261 4338 287 4387 e;
306 4320 376 4386 Quia
396 4320 469 4391 qaod
487 4319 587 4373 malum
608 4323 651 4372 est
669 4323 754 4374 contr.
775 4323 816 4372 est
834 4318 905 4371 bono
925 4333 941 4370 o
