3072 4930
346 445 395 498 De
421 445 594 500 ciuitate
619 445 680 500 dei
703 447 769 501 lib.
794 445 858 504 1111.
884 463 958 518 cap.
985 449 1026 502 ll.
1195 452 1259 514 179

99 641 177 724 ipse
205 640 239 704 in
267 639 414 723 Iugatino
444 638 501 705 deo
531 640 681 726 coniuges
710 641 831 726 iungat,
861 645 893 706 et
921 661 992 708 oum
1021 643 1138 726 uirgini
1170 645 1258 709 uxori

101 765 187 812 aona
211 745 360 824 soluitur,
383 747 450 830 ipse
474 747 640 812 inuooetur
663 750 696 812 et
718 746 778 813 dea
797 747 994 833 Virginensis
1018 753 1165 825 nocetum
1189 751 1258 834 ipse

102 856 149 918 sit
178 854 338 918 Mutunus
367 854 421 918 uel
444 853 601 932 Tutunus,
625 853 679 936 qui
709 859 759 919 est
787 859 863 938 aput
887 855 1024 922 Graecos
1052 857 1200 940 Priapus:
1231 857 1258 922 si

100 981 168 1025 non
197 961 307 1044 pudet,
336 960 546 1026 haecomnia
578 979 657 1044 quae
690 960 754 1026 dixi
785 967 819 1026 et
850 981 1068 1046 quaecumque
1100 983 1160 1028 non
1195 962 1257 1028 dixi

70 1071 183 1150 s(non
204 1068 287 1131 enim
307 1067 412 1131 omnia
430 1065 562 1132 dicenda
580 1067 750 1133 arbitratus
771 1067 868 1152 sum),
887 1069 920 1134 hi
940 1088 1048 1135 omnes
1068 1069 1100 1133 di
1119 1069 1258 1152 deaeque

103 1176 149 1239 sit
177 1193 262 1238 nnus
289 1173 443 1258 Iuppiter,
472 1172 541 1238 siue
573 1174 646 1253 sint,
675 1177 713 1238 ut
745 1174 874 1256 quidam
906 1175 1163 1251 uolunt,.omnia
1195 1177 1258 1241 ista
1329 1161 1333 1167 ¹

102 1283 215 1363 partes
245 1279 313 1344 eius
343 1281 412 1344 siue
439 1280 576 1344 uirtutes
601 1280 680 1360 eius,
705 1281 789 1345 siout
812 1282 857 1346 eis
881 1281 1018 1358 uidetur,
1044 1282 1159 1366 quibus
1184 1301 1256 1346 eum

102 1389 214 1470 placet
242 1405 312 1451 esse
339 1385 449 1451 mundi
477 1385 627 1464 animum,
656 1405 735 1470 quae
765 1389 920 1454 sententia
948 1389 1038 1454 uelut
1070 1407 1257 1474 magnorum

104 1494 311 1576 multumque
339 1491 503 1557 doctorum
533 1494 591 1557 est.
630 1493 718 1558 Haeo
747 1493 774 1558 si
796 1494 843 1558 ita
866 1497 942 1560 sunt
963 1492 1062 1579 (qnod
1086 1494 1179 1578 quale
1202 1496 1256 1570 sit,

59 1627 85 1662 lo
106 1600 247 1665 nondum
273 1599 397 1664 interim
422 1602 559 1682 quaero),
581 1600 656 1683 quid
680 1602 856 1685 perderent,
875 1601 903 1666 si
926 1621 1025 1666 unum
1048 1602 1151 1668 Deum
1176 1602 1257 1668 eole-

105 1711 176 1771 rent
202 1704 406 1790 prudentiore
434 1707 631 1790 conpendio?
670 1707 755 1788 Quid
783 1708 865 1772 enim
895 1708 964 1773 eius
994 1711 1255 1784 contemneretur,

106 1833 178 1879 onm
207 1813 278 1896 ipse
306 1813 483 1879 coleretur?
525 1813 559 1880 si
587 1818 693 1878 autern
723 1814 929 1880 metuendum
958 1815 1028 1893 fuit,
1056 1835 1094 1880 ne
1120 1817 1256 1898 praeter-

106 1922 224 1986 missae
253 1920 322 1985 siue
350 1921 514 2004 neglectae
542 1925 647 2004 partes
676 1921 745 1985 eius
772 1920 994 1986 irascerentur:
1020 1940 1081 1986 non
1110 1941 1196 2007 ergo,
1220 1925 1257 1988 ut

106 2028 231 2102 uolunt,
256 2027 347 2091 uelut
372 2027 464 2092 unius
489 2026 657 2092 animantis
680 2026 758 2092 haee
782 2031 850 2092 tota
873 2027 941 2092 uita
964 2031 1023 2104 est,
1043 2047 1122 2111 quae
1147 2047 1255 2094 omnes

64 2135 249 2198 recontinet
272 2134 358 2211 deos,
379 2133 478 2215 quasi¹
493 2153 568 2199 snas
591 2134 729 2198 uirtutes
748 2134 802 2198 uel
820 2133 962 2199 membra
980 2134 1032 2198 uel
1052 2138 1174 2216 partes3
1199 2134 1255 2199 sed

107 2259 196 2304 suam
222 2259 365 2323 quaeque
385 2259 457 2324 pars
475 2239 572 2304 habet
589 2240 691 2305 uitam
712 2259 729 2304 a
748 2240 861 2306 ceteris
880 2244 1066 2324 separatam,
1087 2241 1114 2306 si
1132 2243 1257 2323 praeter

106 2347 236 2411 alteram
265 2345 360 2412 irasci
389 2348 488 2412 altera
514 2349 631 2430 potest,
656 2350 689 2412 et
711 2347 773 2411 alia
795 2347 924 2430 placari,
948 2347 1010 2412 alia
1033 2347 1195 2413 concitari.
1220 2347 1254 2414 Si

106 2457 213 2518 autem
233 2453 351 2519 dieitur
370 2473 477 2520 omnes
497 2454 604 2532 simul,
619 2453 653 2518 id
672 2457 721 2518 est
735 2455 840 2518 totum
853 2453 960 2536 ipsum
974 2455 1095 2532 Iouem,
1110 2453 1255 2538 potuisse

106 2560 232 2639 offendi,
252 2560 280 2625 si
298 2563 403 2644 partes
424 2559 492 2626 eius
512 2579 572 2625 non
592 2561 687 2624 etiarn
708 2559 893 2644 singillatim
914 2560 1159 2643 minutatimque
1174 2561 1256 2626 oola-

65 2688 90 2728 ω
105 2671 223 2746 rentur,
247 2668 347 2732 stulte
376 2667 502 2733 dieitur.
525 2667 623 2733 Nulla
651 2666 767 2749 quippe
790 2666 917 2732 illarum
941 2666 1254 2750 praetermitteretur,

107 2793 178 2838 eum
205 2775 275 2857 ipse
303 2792 398 2852 unus,
426 2774 481 2856 qui
509 2773 640 2839 haberet
668 2774 781 2848 omnia,
811 2773 976 2840 coleretur.
1018 2772 1101 2838 Nam
1128 2776 1165 2838 ut
1193 2773 1254 2838 alia

108 2881 262 2958 omittam,
292 2899 372 2961 quae
400 2884 476 2944 sunt
501 2880 752 2958 innumerabilia,
782 2899 855 2945 oum
883 2879 992 2945 dieunt
1019 2880 1125 2945 omnia
1152 2880 1256 2946 sidera

106 2991 210 3068 partes
237 2987 326 3052 Iouis
355 3006 425 3052 esse
453 2991 486 3052 et
518 2987 624 3051 omnia
655 2986 764 3052 uiuere
797 2987 899 3069 adque
930 2987 1099 3052 rationales
1133 2987 1253 3052 animas

108 3093 229 3172 habere,
255 3096 288 3158 et
310 3093 381 3159 ideo
406 3093 473 3158 sine
498 3094 713 3158 controuersia
736 3093 812 3159 dees
836 3112 917 3170 esse,
941 3112 1001 3158 non
1026 3093 1135 3157 uident
1158 3112 1252 3176 quam

68 3200 224 3266 etmultos
252 3219 313 3265 non
343 3201 457 3279 colant,
488 3219 582 3283 quarn
609 3200 721 3266 multis
751 3199 844 3264 aedes
873 3218 933 3264 non
962 3201 1154 3278 construant,
1183 3219 1252 3264 aras

108 3325 166 3370 non
202 3309 355 3384 statrrant
393 3325 472 3390 quas
509 3310 614 3372 tamen
652 3306 855 3391 paucissimis
893 3305 1032 3370 siderum
1069 3305 1252 3371 statuendas

109 3433 175 3478 esse
198 3416 393 3497 putauerunt
411 3417 444 3478 et
463 3412 649 3498 singillatim
669 3411 919 3478 sacrificandum.
944 3413 978 3478 Si
997 3412 1096 3498 igitur
1113 3412 1253 3477 irascun-

108 3523 166 3598 tur,
187 3519 242 3603 qui
265 3538 326 3584 non
351 3519 537 3604 singillatim
562 3522 718 3599 coluntur,
738 3539 798 3585 non
824 3522 972 3583 metuunt
988 3519 1099 3601 paucis
1118 3518 1252 3601 placatis

108 3631 172 3692 toto
196 3627 283 3690 eaelo
307 3627 387 3690 irato
412 3625 542 3691 uiuere?
580 3624 613 3691 Si
638 3629 744 3691 antem
769 3625 879 3691 stellas
904 3643 1011 3690 omnes
1036 3625 1107 3690 ideo
1132 3625 1251 3702 colunt,

70 3731 179 3815 aquia
206 3733 237 3798 in
266 3733 343 3798 Ioue
372 3738 447 3798 sunt
480 3751 573 3816 quem
607 3733 725 3811 nolunt,
754 3731 817 3798 isto
850 3732 1024 3814 conpendio
1057 3735 1188 3815 possent
1219 3731 1251 3795 in

140 3967 156 4020 2
183 3966 348 4037 uirginensis
366 3966 495 4036 ΒΑΜ·
517 3966 692 4037 uirginiensis
714 3965 738 4019 0
757 3967 817 4021 rell.
840 3964 975 4021 vDomb.
1064 3966 1082 4018 4
1109 3963 1253 4035 pudeatA

109 4055 199 4109 tsine
218 4057 249 4110 in
267 4073 387 4126 marae
459 4057 583 4111 Stantia
605 4055 637 4110 0¹
710 4055 944 4124 9mnltorumque
964 4053 992 4109 t²
1078 4061 1142 4120 sunt
1160 4054 1255 4110 ΕΛΘ

110 4143 241 4214 tdepq;
258 4146 314 4198 sint
334 4162 376 4200 aa
394 4145 493 4201 Domb.
587 4145 619 4198 16
638 4144 707 4213 snas,
726 4160 751 4198 m
771 4160 851 4208 eras..
874 4143 896 4196 0
980 4143 1014 4198 20
1032 4143 1139 4198 illarum
1158 4142 1251 4206 oodd.;

113 4275 227 4314 earnmo
281 4261 312 4316 21
334 4259 480 4314 habetCo
534 4261 569 4316 23
589 4225 711 4322 antefer]
765 4259 808 4314 23.
823 4259 867 4314 29.
885 4258 1052 4313 uibereLA
1106 4259 1140 4314 28
1158 4259 1252 4329 paucis

113 4352 177 4400 m.1
192 4365 252 4418 sup.
272 4349 321 4402 lin.
340 4348 367 4401 L

1166 4452 1216 4524 me
