3108 4926
370 451 421 506 De
450 451 624 505 oinItate
652 449 714 504 dci
742 451 807 508 lib.
835 449 896 504 VII.
921 465 996 518 cap.
1018 447 1057 501 18.
1223 449 1286 512 327

146 646 176 712 ui
203 645 339 730 quadam
366 643 524 710 inuisibili
552 663 587 709 ao
615 643 812 728 praepotenti
840 642 907 727 regi
940 643 1042 724 adque
1075 639 1286 705 administrari

146 757 226 819 certa
249 752 346 818 animi
371 751 545 817 stabilitate
570 751 731 816 credebat:
755 750 800 814 ita
817 753 942 832 poterat
960 747 1123 812 adfirmare
1143 747 1181 811 de
1199 747 1286 824 Iano,

142 862 220 944 qnod
250 861 387 924 mundus
411 861 481 942 ipse
505 861 600 936 esset,
626 861 682 921 aut
705 857 743 922 de
768 857 904 922 Saturno
927 855 1080 932 inuenire,
1105 872 1166 938 quo
1190 853 1284 918 modo

141 972 171 1033 et
191 967 280 1032 Iouis
304 971 394 1050 pater
418 969 505 1031 esset
527 969 559 1030 et
581 965 652 1030 Ioui
675 964 819 1049 regnanti
843 962 992 1028 subditus
1016 963 1120 1026 factus
1145 963 1231 1026 esset
1253 963 1286 1025 et

108 1077 241 1141 coetera
264 1074 351 1138 talia.

574 1275 711 1342 CAPUT
734 1275 851 1341 XVIII.

136 1421 242 1501 Quae
267 1419 514 1485 credibilior
542 1438 663 1484 causa
693 1417 757 1496 sit,
783 1438 858 1501 qua
886 1438 997 1483 error
1026 1419 1283 1503 paganitatis

590 1524 826 1590 inoleuerit.
896 1535 900 1543 '

177 1669 225 1732 De
250 1669 367 1750 quibus
392 1667 572 1734 credibilIor
595 1666 737 1732 redditur
754 1668 846 1742 ratio,
867 1686 939 1730 eum
957 1666 1166 1750 perhibentur
1183 1667 1282 1732 homi·

94 1802 116 1840 lo
133 1794 189 1840 nes
212 1776 315 1840 fuisse
339 1777 371 1840 ot
394 1774 566 1856 unicuique
590 1792 698 1838 eorum
724 1774 762 1837 ab
786 1775 847 1850 his,
867 1774 922 1856 qui
946 1793 1000 1839 eos
1024 1773 1182 1839 adulando
1207 1773 1282 1838 deos

133 1901 201 1947 esse
224 1883 406 1960 uoluerunt,
427 1901 463 1946 er
487 1881 555 1945 eius
578 1880 704 1965 ingenio
729 1881 881 1958 moribus,
902 1881 1026 1946 actibus
1047 1880 1174 1944 casibus
1195 1899 1284 1946 saera

132 1993 163 2053 et
186 1989 355 2053 sollemnia
379 1987 554 2052 constituta
578 1986 679 2069 adque
699 1987 776 2052 haee
794 1987 949 2071 paulatim
968 2006 1024 2071 per
1043 1987 1163 2052 animas
1182 1987 1283 2052 homi·

131 2115 206 2158 num
222 2095 431 2160 daemonibus
447 2093 569 2186 similes
596 2097 628 2159 et
645 2093 839 2158 ludicrarum
858 2113 963 2158 rerum
983 2094 1093 2158 auidas
1111 2092 1282 2176 irrependo

130 2203 224 2286 longe
253 2201 381 2284 lateque
409 2201 552 2286 uulgata,
578 2200 762 2266 ornantibus
791 2221 828 2265 ea
855 2200 1028 2265 mendaciis
1057 2203 1221 2283 poetarum
1250 2204 1282 2266 et

91 2333 113 2373 n
131 2308 167 2373 ad
196 2329 236 2373 ea
262 2308 431 2374 fallacibus
460 2307 624 2391 spiritibus
654 2306 890 2374 seducentibus.
927 2307 1067 2372 Facibus
1097 2307 1180 2372 enim
1214 2307 1282 2372 lieri

129 2416 246 2497 potuit,
270 2417 308 2480 ut
336 2415 461 2480 iuuenis
484 2415 590 2498 lupius
614 2414 666 2478 uel
689 2413 727 2478 ab
751 2415 838 2497 iupio
861 2423 950 2496 patre
977 2413 1109 2478 Interfici
1132 2417 1278 2480 metuens

130 2525 160 2586 et
191 2521 308 2587 auidus
341 2522 430 2606 regni
462 2525 585 2604 patrem
613 2521 745 2604 pelleret
772 2539 880 2605 regno,
909 2540 1003 2603 quam
1031 2520 1074 2598 id,
1104 2519 1188 2604 quod
1215 2520 1277 2586 iste

127 2627 362 2712 interpretatur,
386 2629 456 2694 ideo
481 2627 652 2694 Saturnum
684 2632 806 2710 patrem
838 2647 856 2692 a
883 2628 960 2692 Ioue
987 2626 1052 2692 filio
1082 2629 1275 2710 superatum,

9 2773 11 2780 ·
128 2736 210 2817 quod
246 2741 318 2800 ante
350 2739 400 2800 est
433 2755 528 2800 eausa
556 2755 636 2818 quae
663 2734 801 2817 pertinet
828 2735 867 2799 ad
894 2734 1015 2812 Iouem,
1045 2753 1139 2817 quam
1169 2751 1276 2798 semen

89 2863 112 2903 ro
129 2843 210 2923 quod
235 2843 373 2924 pertiuet
396 2841 436 2908 ad
459 2841 641 2908 Saturnum.
667 2842 701 2908 Si
726 2842 809 2906 enim
832 2842 892 2904 boc
915 2841 961 2906 ita
985 2845 1079 2918 esset,
1103 2857 1275 2922 numquam

130 2947 285 3014 Saturnus
313 2949 398 3031 prior
425 2950 541 3014 fuisset
568 2967 627 3014 nec
653 2951 743 3030 pater·
767 2947 856 3013 Iouis
889 2951 984 3012 esset.
1027 2947 1159 3028 Semper
1191 2945 1274 3008 enim

128 3075 233 3121 semen
258 3076 355 3121 causa
377 3056 537 3140 praeeedit
559 3075 617 3121 uec
640 3074 791 3138 umquam
815 3059 984 3140 generatur
1002 3075 1037 3118 or
1057 3053 1185 3118 semiue.
1211 3051 1275 3117 Sed

128 3181 197 3228 oum
230 3168 387 3230 conantur
418 3163 608 3228 uanissimas
640 3161 763 3227 fabulas
797 3163 866 3226 siue
895 3161 1056 3226 hominum
1086 3179 1136 3224 res
1165 3163 1273 3242 gestas

128 3270 216 3335 uelut
243 3270 443 3336 naturalibus
471 3269 785 3354 interpretationibus
813 3270 975 3344 honorare,
1005 3268 1100 3332 etiam
1127 3265 1272 3331 homines

88 3397 110 3434 a
129 3377 305 3442 acutissimi
327 3381 432 3442 tantas
456 3375 622 3460 patiuntur
645 3375 820 3460 angustias,
844 3379 882 3438 ut
904 3394 1013 3440 eorum
1037 3393 1162 3457 quoque
1186 3373 1272 3437 uani·

127 3485 222 3548 tatem
248 3483 355 3550 dolere
378 3503 537 3569 cogamur.

161 3759 237 3830 lui]
259 3761 333 3814 nec
420 3759 572 3814 inuisibilia
591 3779 621 3815 ac
643 3761 694 3815 Od
765 3761 877 3814 2oerte
897 3759 921 3814 e¹
994 3759 1171 3828 3ipsesup.
1191 3757 1271 3812 lin.l

127 3851 172 3900 aut
181 3889 314 3906 ........
327 3851 399 3904 esset
416 3866 451 3902 ce.
470 3854 486 3902 1
504 3850 535 3904 a'n
553 3867 672 3919 marpe
733 3848 927 3920 tregssnanti.
945 3865 982 3902 na
1000 3847 1125 3912 erua‚0
1178 3849 1270 3902 Scre-

126 3933 178 3989 dib.
204 3938 280 3994 redd.
309 3953 359 3992 om.
386 3939 406 3992 d
512 3940 603 3992 uerbis
627 3937 695 3994 Cum
717 3937 896 4009 perhibentur
917 3939 1017 4006 Incipit
1040 3953 1062 3989 o.
1082 3935 1173 3990 XVIII
1196 3933 1272 3988 iao

128 4059 155 4152 Il
176 4062 232 4116 eius
255 4061 406 4131 woclin
424 4079 516 4116 eorum
539 4061 573 4118 0²
591 4063 632 4130 (ia
650 4067 757 4132 mura),
778 4063 899 4132 uqt²f
976 4063 1008 4116 12
1027 4038 1113 4132 prpter,
1133 4062 1164 4113 ia
1182 4075 1268 4129 murp.

127 4159 210 4252 pene
266 4190 300 4243 14
319 4187 459 4242 orantibus
479 4188 500 4241 l¹
557 4189 589 4243 19
609 4191 662 4258 est]
684 4199 749 4242 eue
822 4206 900 4259 quem
920 4187 941 4243 1¹
996 4189 1030 4241 22
1049 4149 1271 4256 geptnerater
