3136 4934
274 427 339 489 420
614 423 641 476 S.
670 421 828 474 Aurelii
855 419 1072 490 Augustini

1555 207 1556 256 l

1555 267 1556 313 l

1555 407 1556 453 l

274 639 401 682 manum
425 617 645 699 descriptionis
668 617 764 681 huius
787 618 854 682 tam
877 615 997 681 intenta
1021 617 1186 701 diligentia
1203 619 1420 686 terminasset.

274 725 354 791 Cum
378 743 452 790 uero
478 725 607 789 deorum
632 723 847 789 excellentiam
877 724 1119 800 commendaret,
1151 723 1254 806 ipsam
1282 725 1420 792 beatitu·
1555 757 1556 840 p

273 833 387 911 dinem,
422 850 483 913 quo
508 832 623 895 uolunt
646 831 789 894 homines
813 849 869 911 per
892 831 1079 914 sapientiam
1108 831 1281 913 peruenire,
1315 833 1419 900 ineis

273 939 452 1004 adfirmauit
475 939 634 1004 excellere.
659 937 793 1002 Proinde
818 937 845 1002 si
869 937 992 1020 aliquos
1012 937 1179 1001 daemones
1199 937 1298 1003 bonos
1318 939 1421 1004 uellet
1555 959 1556 1034 p

271 1044 423 1129 intellegi,
449 1045 568 1126 aliquid
593 1046 688 1108 etiam
712 1045 743 1107 in
766 1043 908 1127 ipsorum
934 1044 1145 1127 descriptione
1168 1049 1309 1127 poneret,
1334 1047 1419 1110 unde
1454 1064 1466 1100 ⁵

272 1152 323 1216 uel
348 1171 419 1215 cum
444 1151 493 1214 dis
517 1151 653 1232 aliquam
678 1149 884 1214 beatitudinis
909 1157 1040 1234 partem,
1065 1152 1117 1214 uel
1142 1169 1214 1214 curn
1234 1151 1418 1217 bominibus

271 1259 533 1341 qualemcumque
553 1257 739 1341 sapientiam
760 1261 945 1340 putarentur
964 1258 1079 1322 babere
1094 1275 1304 1322 communem.
1324 1257 1418 1324 Nunc.

271 1385 345 1430 uero
374 1365 498 1429 nullum
526 1364 644 1429 bonum
675 1363 783 1428 eorum
811 1365 1081 1441 commemorauit,
1108 1384 1169 1447 quo
1197 1364 1273 1429 boni
1302 1365 1419 1430 discer—

269 1475 387 1536 nuntur
415 1491 433 1534 a
463 1472 566 1536 malis.
601 1469 755 1550 Quamuis
785 1475 816 1534 et
847 1490 955 1536 eorum
985 1471 1125 1536 malitiae
1155 1471 1287 1535 liberius
1318 1472 1418 1554 expri-

271 1579 400 1643 mendae
435 1577 619 1663 pepereerit,
657 1598 718 1642 nou
756 1583 820 1642 tam
858 1597 896 1641 ue
933 1578 1032 1660 ipseo,
1070 1597 1163 1661 quam
1202 1597 1239 1642 ue
1277 1578 1417 1642 cultores
1437 1599 1461 1637 ru
1555 1557 1556 1618 3

271 1705 390 1763 eorum,
425 1689 503 1769 aput
532 1703 611 1768 quos
643 1685 842 1767 loquebatur,
877 1683 1062 1749 offenderet:
1096 1685 1288 1768 significauit
1312 1688 1417 1748 tamen

269 1793 489 1877 prudentibus,
522 1793 598 1875 quid
629 1793 666 1856 de
695 1793 760 1856 illis
794 1791 910 1856 sentire
939 1792 1097 1869 deberent,
1130 1791 1254 1874 quando
1288 1792 1416 1872 quidem

270 1901 357 1976 deos,
391 1919 470 1982 quos
502 1919 611 1964 omnes
642 1899 740 1964 bonos
771 1900 944 1980 beatosque
976 1899 1059 1962 credi
1089 1899 1203 1977 uoluit,
1238 1897 1276 1963 ab
1308 1897 1416 1963 eorum

269 2007 471 2090 passionibus
496 2007 606 2089 adque,
636 2009 673 2069 ut
696 2006 741 2069 uit
763 2006 842 2088 ipse,
867 2005 999 2070 turbelis
1024 2007 1108 2070 omni
1128 2005 1221 2069 modo
1246 2005 1415 2088 separauit,

269 2115 337 2178 sola
361 2113 434 2177 illos
463 2131 630 2193 corporum
659 2112 843 2176 aeternitate
868 2111 1071 2196 coniungens,
1095 2112 1198 2176 animo
1222 2115 1330 2177 autem
1353 2129 1413 2176 non
1433 2133 1457 2174 ιε

269 2219 328 2298 dis,
362 2219 417 2284 sed
445 2219 626 2284 bominibus
655 2217 776 2283 similes
805 2219 973 2283 daemones
1007 2218 1205 2302 apertissime
1234 2219 1411 2292 inculcans,
1555 2293 1556 2298 ¹

269 2329 301 2389 et
328 2325 387 2388 hoc
416 2344 477 2389 non
507 2324 679 2406 sapientiae
703 2324 795 2402 bono,
829 2323 921 2388 cuius
952 2328 983 2388 et
1010 2325 1153 2390 homines
1180 2328 1317 2408 possunt
1344 2342 1412 2389 esse
1555 2299 1556 2352 l

268 2432 448 2514 participes,
492 2431 545 2496 sed
584 2432 757 2515 perturba
749 2451 819 2496 rone
855 2431 1050 2514 passionum,
1088 2435 1237 2514 quaet
1205 2433 1295 2496 sul
1287 2451 1315 2496 rs
1352 2451 1412 2495 ma·

266 2538 370 2620 lisque
403 2537 591 2614 dominatur
625 2559 642 2602 a
676 2539 871 2621 sapientibus
909 2557 1033 2602 ueroe
1017 2537 1231 2602 etboniat
1205 2541 1250 2602 rta
1281 2539 1411 2622 regitur,

268 2647 304 2708 ut
327 2644 440 2708 malint
463 2664 531 2709 eam
560 2665 620 2709 non
648 2645 763 2708 babere
793 2664 887 2727 quam
916 2645 1049 2709 uincere.
1085 2644 1168 2708 Nam
1200 2645 1227 2709 si
1257 2665 1319 2709 non
1348 2663 1410 2710 eor·
1428 2668 1455 2706 eo

267 2769 388 2833 porum,
432 2751 487 2815 sed
521 2752 695 2816 animorum
734 2751 952 2817 aeternitatem
994 2771 1066 2816 cum
1104 2752 1152 2816 dis
1190 2751 1305 2815 habere
1343 2751 1408 2814 dae·

267 2877 375 2922 mones
399 2858 499 2922 uellet
520 2859 675 2942 intellegi,
705 2877 764 2923 uon
788 2862 900 2940 utique
923 2859 1067 2923 homiues
1091 2859 1129 2922 ab
1153 2857 1249 2921 huius
1273 2857 1318 2921 rei
1342 2877 1409 2922 con·

267 2965 363 3030 sortio
383 2969 552 3049 separaret,
569 2966 642 3047 quia
662 2969 693 3030 et
707 2965 889 3029 hominibus
911 2970 1053 3030 aeternos
1075 2983 1145 3029 esse
1165 2964 1287 3029 animos
1301 2963 1409 3047 procul

267 3069 361 3134 dubio
388 3071 472 3135 sicut
494 3071 677 3135 Platonicus
698 3072 805 3136 sentit.
828 3071 904 3136 Ideo
929 3091 1001 3136 cum
1021 3071 1080 3136 boc
1100 3091 1200 3154 genus
1220 3071 1407 3136 animantum

266 3176 469 3256 describeret,
501 3178 723 3242 inmortalibus
758 3178 881 3254 animis,
920 3178 1117 3243 moribundis
1151 3178 1300 3242 membris
1334 3176 1450 3242 diritrs

267 3302 336 3346 esse
360 3284 514 3349 homiues.
556 3286 602 3348 Ac
630 3305 685 3366 per
707 3285 768 3349 hoc
792 3285 820 3348 si
843 3288 1009 3368 propterea
1037 3303 1234 3350 communem
1264 3303 1334 3348 eum
1361 3283 1405 3346 dis

266 3390 484 3454 aeternitatem
509 3409 569 3454 nou
591 3391 706 3455 babent
724 3392 878 3470 homines,
904 3393 977 3474 quia
1000 3411 1129 3474 corpore
1154 3393 1229 3456 sunt
1246 3391 1404 3454 mortales:

264 3499 434 3576 propterea
453 3515 526 3580 ergo
547 3497 714 3563 daemones
734 3499 861 3580 babent,
882 3499 956 3581 quia
975 3517 1103 3580 corpore
1123 3502 1198 3562 sunt
1215 3497 1402 3562 inmortales.

304 3738 326 3789 l.
346 3739 362 3790 5
382 3735 534 3808 discripti
605 3740 634 3792 in
652 3739 776 3793 tantali
827 3739 1064 3795 ladfirmaretC
1115 3741 1233 3794 tetiam
1252 3739 1403 3808 intellegis

264 3824 405 3894 8quode
477 3827 724 3882 discemerenturs
792 3833 925 3884 9etom.
949 3827 981 3882 0¹
1046 3829 1079 3883 10
1097 3828 1248 3898 pepercitl
1318 3831 1401 3881 tamne

266 3939 313 4007 G¹;
331 3907 443 3996 tamenne
456 3941 490 3997 0²
560 3961 595 3998 ne
613 3960 664 3999 oar.
685 3946 695 3998 l
764 3945 796 3998 18
814 3945 957 4014 malisque]
978 3945 1114 3998 mentibus
1132 3961 1146 3998 a
1212 3947 1243 3998 21
1266 3943 1401 3998 daemones

265 4029 365 4084 habere
384 4031 394 4084 l
475 4033 509 4085 24
528 4031 602 4086 dibio
621 4050 634 4087 ε
717 4034 893 4087 animantium
914 4050 983 4102 apo
1056 4034 1090 4088 28
1109 4039 1253 4104 propterea
1269 4049 1351 4102 usque
1368 4029 1402 4084 od

264 4119 421 4174 inruortales
441 4137 491 4174 om.
510 4137 524 4174 s
