3136 4928
274 437 339 500 490
617 432 642 485 S.
671 430 829 484 Aurelii
857 431 1072 499 Augustini

274 633 363 714 gunt,
392 632 428 693 33
457 630 489 692 33
516 647 573 692 333
602 647 674 692 333
702 625 782 709 ipsis
814 627 899 690 33333
933 627 1044 699 33333,
1073 625 1146 708 3133
1179 624 1271 689 nobis
1304 625 1425 703 fauent,

273 738 346 819 plus
370 736 532 810 adiuuant,
553 735 676 817 quando
700 753 797 798 3333
818 733 921 797 Deum
945 752 1016 796 cum
1040 732 1106 795 illis
1130 732 1275 798 colimus.
1295 732 1425 796 Patrem

274 847 305 908 33
328 843 445 908 Filium
475 845 507 907 33
530 841 684 923 Spiritum
709 843 864 918 3333333,
889 859 984 920 quam
1009 839 1035 902 si
1060 858 1114 904 eos
1137 839 1225 922 ipsos
1248 858 1306 920 per
1328 839 1425 902 saeri-

273 948 345 1012 fioia
367 947 552 1012 coleremus.

710 1085 846 1152 CAPUT
871 1084 986 1150 XXVI.
1452 1107 1461 1144 ι

274 1230 325 1292 De
362 1227 622 1293 inconstantia
654 1226 852 1310 Porphyrii
891 1225 990 1288 inter·
1027 1225 1305 1290 confessionem
1340 1227 1421 1290 ueri

446 1335 514 1398 Dei
539 1337 575 1398 ot
599 1335 742 1398 cultum
768 1333 984 1398 daemonum
1009 1332 1248 1396 fluctuantis.

316 1475 431 1540 Nescio
470 1494 531 1558 quo
567 1475 661 1540 modo
700 1472 867 1557 (quantum
905 1475 982 1538 mibi
1020 1472 1161 1558 uidetur)
1199 1475 1310 1538 333333
1352 1475 1419 1538 3333

270 1583 414 1666 theurgis
438 1582 644 1646 erubescebat
661 1582 865 1664 Porphyrius.
890 1581 971 1645 Nam
989 1581 1054 1645 3333
1072 1584 1244 1662 utcumque
1265 1581 1418 1662 sapiebat,

271 1688 327 1752 sed
360 1690 467 1753 contra
496 1689 668 1752 multorum
698 1688 827 1752 deorum
857 1688 925 1751 cult
911 1692 979 1750 333
1007 1707 1068 1752 333
1094 1687 1193 1751 libere
1223 1687 1459 1752 (1333333333
1545 1685 1546 1690 ’

269 1795 311 1858 lit
299 1794 466 1878 tangelos
490 1795 605 1877 quippe
629 1794 709 1858 alios
733 1813 803 1859 3333
828 1793 914 1860 dixit.
892 1794 992 1876 tqui
1017 1793 1164 1858 deorsum
1190 1794 1416 1860 descendentes

270 1900 653 1983 hominibustwheurgiois
681 1901 789 1964 diuina
810 1901 1027 1982 pronuntient,
1057 1900 1135 1964 alios
1161 1904 1278 1968 33333
1304 1902 1414 1983 quiin

269 2007 361 2071 terris
387 2025 433 2082 33,
453 2026 532 2088 quaa
551 2006 635 2070 Pat'
598 2011 655 2070 333
680 2011 764 2084 3333,
784 2006 894 2070 333133
898 2005 1040 2071 tudinem
1065 2008 1133 2072 eius
1156 2008 1321 2090 profundit
1307 2013 1415 2073 3-3333

270 2132 330 2193 333
360 2112 527 2177 declarent.
565 2111 685 2177 Nom'
678 2116 775 2197 igitur
724 2113 857 2176 thos
882 2113 1020 2196 angelos
1046 2133 1179 2194 quorum
1204 2115 1413 2179 ministerium

270 2221 318 2282 333
355 2219 511 2283 declarare
546 2220 744 2284 uoluntatem
778 2219 892 2294 Patris,
926 2219 1114 2285 credendum
1152 2225 1201 2286 est
1187 2222 1324 2285 tuelle
1359 2242 1455 2286 noso

270 2324 410 2390 subdi
382 2325 443 2389 333
462 2325 500 2402 33,
518 2325 609 2390 ouius
629 2326 719 2389 nobis
740 2325 926 2390 adnuntiant
913 2327 1091 2390 33333333
1078 2330 1163 2390 tem?
1189 2327 1355 2391 Undat
1299 2347 1339 2410 33
1341 2329 1413 2392 3333

269 2431 417 2496 admonet
449 2432 543 2496 etiarn
576 2432 645 2513 3333
673 2431 899 2495 Platonicus
891 2431 1061 2496 rmitandos
1094 2451 1147 2498 eos
1180 2435 1288 2514 333333
1323 2454 1412 2516 quam

267 2537 471 2602 innodandos.
509 2537 639 2602 Non't
612 2542 719 2620 itaque
748 2538 899 2604 debemus
928 2542 1078 2617 metuere,
1102 2559 1145 2603 ne
1173 2540 1414 2605 inmortalest
1385 2545 1414 2604 33

269 2645 380 2710 3333333
400 2644 453 2707 333
473 2645 540 2708 Deo
561 2645 671 2708 subdit
673 2663 706 2708 33
727 2664 787 2709 non
808 2645 853 2708 333
873 2645 1076 2711 sacrificando
1098 2647 1304 2711 offendamus
1326 2646 1413 2726 Quod

270 2751 352 2814 enirn
372 2769 432 2815 non
451 2751 513 2815 3333
532 2751 587 2815 333
603 2769 677 2814 uero
693 2751 759 2816 Deo
776 2752 880 2816 deberi
898 2753 1012 2828 333333,
1030 2753 1081 2816 333
1096 2755 1148 2817 et
1142 2773 1203 2835 ι33ι
1196 2753 1412 2818 adhaerendo
1428 2777 1450 2814 3

269 2857 354 2921 beati
374 2860 449 2922 sunt
452 2858 585 2940 ‚procul
600 2857 694 2922 dubio
713 2877 813 2940 neque
829 2879 884 2941 per
902 2860 1000 2923 ullam
1021 2859 1251 2943 significantem
1273 2861 1411 2943 liguram

268 2982 368 3044 neque
392 2983 448 3044 33ι·
470 2964 570 3046 33333
592 2983 668 3039 rem,
689 2983 768 3046 quaa
793 2969 967 3030 sacrament
965 2967 996 3028 33
1020 2967 1178 3050 significat
1179 2987 1226 3046 ur,
1247 2967 1309 3032 sibi
1335 2965 1413 3030 erbi-

269 3071 335 3134 beri
349 3072 472 3136 uolunt.
496 3073 692 3136 Daemonum
718 3073 866 3137 33333333
885 3073 1046 3158 adrogant
1038 3093 1068 3136 3
1087 3073 1296 3155 superborum
1317 3073 1412 3154 adque

268 3178 465 3256 miserfforum
486 3177 638 3260 aquibus
661 3179 755 3261 longe
781 3179 905 3242 diuerso
929 3181 978 3243 333
1000 3179 1067 3261 3333
1068 3197 1102 3242 33
1053 3179 1236 3244 3333333
1221 3182 1328 3244 torum
1348 3179 1412 3244 Deo

268 3303 325 3348 neo
349 3285 473 3348 aliunde
498 3303 592 3366 3333
615 3284 663 3348 3113
688 3285 882 3349 cohaerendo
906 3284 979 3349 3333
966 3289 1079 3349 to.rum
1118 3287 1167 3351 nd
1191 3286 1275 3368 quod
1298 3287 1412 3351 33333
1427 3309 1448 3348 a

268 3391 503 3472 percipiendum
520 3411 535 3453 e
539 3391 615 3454 tiam
631 3392 761 3456 33333
737 3411 858 3456 sincera
872 3392 1066 3474 benignitate
1081 3397 1261 3474 3333333
1279 3393 1412 3457 faueant.

268 3515 369 3578 neque
398 3497 459 3561 sibi
487 3498 638 3582 adrogent
663 3519 724 3580 quo
755 3499 799 3564 eis
825 3499 1028 3576 subiciantur,
1054 3498 1109 3562 sed
1134 3519 1205 3563 333
1232 3498 1412 3562 adnuntient

269 3603 327 3666 sub
357 3623 418 3685 quo
449 3604 493 3668 eis
517 3605 548 3668 in
574 3625 649 3688 3333
675 3607 839 3670 sociemur.
865 3603 948 3683 Quid
972 3606 1112 3670 adhuct
1099 3605 1249 3686 trepidas,
1274 3605 1412 3687 ophilo-

268 3709 377 3790 sophe‚
410 3711 562 3775 aduersus
595 3715 735 3793 potestat
738 3732 770 3775 es
804 3717 835 3777 et
866 3713 951 3776 uaris
985 3712 1070 3776 uirtu
1035 3712 1225 3776 333333
1193 3716 1225 3775 33
1256 3712 1325 3776 usn'
1358 3709 1410 3774 Dei

306 3901 445 3954 latonae
500 3901 581 3955 illisb
621 3902 730 3955 2333
723 3919 789 3970 ipsis
800 3902 910 3958 Domb¹
948 3902 1223 3971 9333333333αή
1232 3902 1410 3972 3333333333·

268 3987 396 4041 theoricis
411 4006 433 4056 3
490 3991 521 4042 34
542 3989 732 4043 declarantes
751 3989 847 4043 dorent
861 3991 960 4044 corrb
1034 3991 1116 4060 Num]
1136 4009 1243 4045 nuncu
1297 3993 1332 4046 20
1350 4005 1407 4043 uero

269 4090 319 4127 33.
341 4094 359 4127 a
432 4078 523 4130 sciunt
534 4120 645 4133 .......
657 4077 876 4134 3333333133
895 4097 1009 4150 33333
1063 4077 1406 4134 253333333333133331

268 4200 353 4254 cour
341 4203 423 4292 333
445 4219 463 4254 3
536 4203 569 4256 27
591 4203 726 4272 333333
799 4205 937 4258 28333.
958 4205 994 4272 33
1063 4207 1096 4259 29
1116 4223 1188 4259 3333
1208 4205 1364 4267 33333333
1382 4205 1408 4256 ia

268 4339 353 4392 3333.
374 4325 545 4391 3333333333,
565 4343 578 4380 e
