3136 4928
390 372 440 424 ne
469 351 643 424 eructata
672 368 824 423 sarrin.
853 369 885 422 x.
914 370 1123 439 cap.14.15.
1262 371 1325 435 471

184 571 215 633 st
237 565 507 630 incommutabilis
532 565 628 629 simul
651 564 772 629 habens
802 564 905 628 omnia
931 567 1122 646 perseuerat.
1164 565 1233 630 Hoc
1266 565 1327 629 Do-

182 673 288 736 minus
310 673 402 736 Iesus
426 672 471 735 ibi
490 671 639 746 ostendit,
659 670 714 734 ubi
735 671 792 734 ait:
819 669 1087 743 Considerate
1111 671 1205 734 lilia
1228 670 1326 755 agri,

180 797 256 844 non
280 779 471 842 laborant
494 797 621 860 neque
646 783 748 844 nent.
783 777 881 842 Dico
906 780 1039 842 autem
1068 778 1197 854 uobis,
1233 779 1327 860 quia

180 907 251 952 nec
277 885 466 952 Salomon
489 886 527 950 in
555 888 644 949 tota
676 886 810 968 gloria
847 903 919 948 sua
952 885 1012 950 sic
1046 886 1219 949 amiotus
1253 887 1325 960 est,

132 989 162 1058 'a
181 993 293 1057 sicut
311 1011 428 1056 unum
449 1011 492 1056 ex
512 991 581 1056 eis.
606 989 717 1070 Quod
738 992 772 1055 si
791 992 949 1055 faenum
970 993 1066 1076 agri,
1087 991 1325 1074 quodlrodie

181 1104 245 1164 est
267 1103 306 1163 et
329 1118 417 1164 cras
442 1099 479 1162 in
504 1099 709 1164 clibanum
733 1098 927 1174 mittitur,
953 1097 1059 1161 Deus
1084 1098 1143 1162 sic
1177 1096 1323 1161 uestit:

181 1207 330 1289 quanto
354 1205 483 1290 magis
501 1224 586 1283 uos,
606 1205 788 1269 modicae
808 1205 931 1269 fidei?
956 1203 1084 1288 Optime
1103 1204 1202 1288 igitur
1221 1203 1325 1266 anima

178 1314 316 1377 humana
340 1313 443 1376 adhue
467 1313 597 1376 terrenis
622 1312 787 1376 desideriis
810 1311 934 1376 infirma
958 1331 993 1376 eo
1020 1313 1099 1395 ipsa,
1134 1330 1213 1393 quae
1246 1312 1325 1374 tem-

178 1419 329 1502 poraliter
352 1422 478 1501 exoptat
500 1419 583 1484 bona
605 1419 713 1483 infima
736 1419 838 1501 adque
860 1421 983 1483 terrena
1005 1419 1092 1483 uitae
1115 1418 1189 1482 huic
1212 1417 1324 1482 transi-

135 1525 278 1594 rotoriae
308 1525 485 1589 necessaria
518 1529 550 1589 et
581 1545 656 1608 prae
687 1525 776 1590 illius
810 1525 895 1589 uitae
930 1525 1130 1607 sempiternis
1164 1523 1323 1588 beneficiis

180 1617 422 1706 contemnenda,
435 1648 497 1693 non
515 1632 622 1694 tamen
641 1629 703 1695 uisi
723 1630 760 1693 ab
781 1649 842 1694 uno
862 1630 928 1694 Deo
949 1633 1111 1712 expectare
1132 1628 1322 1704 consuescit,

177 1738 215 1798 ut
238 1736 276 1800 ab
300 1737 388 1800 illius
413 1736 501 1800 cultu
527 1736 619 1800 etiam
644 1735 677 1801 in
700 1736 834 1800 istorum
859 1735 1013 1800 desiderio
1038 1755 1099 1800 non
1123 1734 1258 1810 recedat,
1284 1734 1323 1797 ad

179 1861 273 1922 quem
297 1845 459 1907 contemtu
483 1860 591 1907 eorum
617 1847 649 1906 et
671 1843 710 1906 ab
735 1843 780 1906 eis
805 1844 969 1907 auersione
993 1843 1165 1926 perueniat.

633 2033 769 2101 CAPUT
793 2034 861 2100 XV.

133 2210 160 2252 15
199 2177 254 2240 De
277 2176 513 2242 ministerio
540 2180 773 2242 sanctorum
798 2177 1044 2260 angelorum,
1070 2194 1143 2257 quo
1168 2173 1298 2256 proui-

507 2283 667 2348 dentiae
692 2283 763 2347 Dei
788 2284 987 2347 seruiunt.

222 2423 274 2490 Sic
297 2425 405 2508 itaque
430 2425 555 2489 diuinae
579 2425 795 2507 prouidentiae
817 2425 939 2508 placuit
966 2425 1108 2489 ordinare
1139 2427 1318 2505 temporum

177 2552 314 2609 cursum,
339 2537 385 2610 ut,
411 2552 504 2614 quem
528 2532 567 2596 ad
591 2532 720 2596 modum
745 2532 807 2596 dixi
832 2534 864 2596 et
886 2532 917 2595 iu
946 2531 1071 2596 actibus
1103 2531 1318 2613 apostolorum

174 2638 301 2720 legitur,
325 2637 429 2704 lexin
453 2638 566 2704 edictis
591 2639 773 2722 angelornm
804 2639 930 2702 daretur
963 2639 1000 2702 de
1033 2638 1128 2702 unius
1160 2637 1228 2702 ueri
1259 2636 1346 2701 Dei

131 2770 157 2809 ao
176 2745 274 2820 cultu,
298 2746 329 2808 in
354 2746 470 2828 quibus
495 2749 526 2809 et
549 2764 682 2828 persona
704 2745 806 2826 ipsius
826 2746 897 2822 Dei,
916 2764 976 2810 non
997 2745 1125 2828 quidem
1148 2763 1203 2828 per
1227 2763 1318 2808 suam

174 2851 396 2919 substantiam,
434 2870 514 2932 quae
553 2871 678 2934 semper
714 2851 973 2934 corruptibilibus
1012 2852 1112 2916 oeulis
1145 2849 1317 2915 inuisibilis

172 2960 343 3040 permanet,
370 2957 425 3021 sed
449 2957 543 3022 certis
568 2958 691 3022 indiciis
715 2978 770 3041 per
793 2958 968 3023 subiectam
990 2959 1122 3022 creatori
1141 2960 1316 3022 ereaturam

172 3064 346 3128 nisibiliter
369 3068 533 3146 appareret
557 3068 588 3128 et
612 3051 792 3148 syllabatim
821 3084 877 3147 per
908 3066 1105 3130 transitorias
1139 3071 1317 3146 temporum

172 3172 311 3234 morulas
343 3170 497 3235 humanae
529 3171 657 3254 linguae
695 3172 829 3236 uocibus
866 3173 1058 3254 loqueretur,
1098 3173 1151 3254 qui
1187 3171 1219 3236 in
1258 3191 1317 3235 sua

129 3304 153 3342 25
172 3279 284 3341 natura
306 3295 365 3340 nou
392 3278 604 3360 corporaliter,
630 3278 685 3342 sed
717 3279 911 3360 spiritaliter,
941 3299 1000 3343 non
1030 3279 1232 3356 sensibiliter,
1261 3277 1316 3341 sed

171 3383 433 3469 intellegibiliter,
458 3405 518 3449 non
544 3386 770 3466 temporaliter,
795 3386 861 3463 sed,
890 3391 927 3450 nt
954 3385 999 3450 ita
1032 3386 1144 3462 dicam,
1179 3389 1315 3449 aeterno·

258 3601 342 3654 2Mt.
362 3601 386 3669 6,
407 3603 440 3654 28
460 3619 517 3672 sqq.
575 3602 608 3656 18
627 3605 686 3656 Act.
708 3605 732 3668 7,
752 3605 786 3656 53

204 3744 220 3794 2
239 3741 326 3813 Iesus]
342 3743 409 3798 deus
424 3744 468 3798 ab
523 3745 539 3799 3
558 3749 625 3798 nent
640 3763 658 3800 o
668 3746 683 3799 d
694 3763 794 3816 epso;
808 3749 890 3800 noent
905 3747 928 3812 l,·
943 3751 1027 3800 neunt
1040 3746 1067 3797 οι1
1082 3745 1181 3800 Domb.
1238 3747 1312 3815 quia]

168 3830 277 3899 quode
322 3833 494 3888 dinemo
552 3834 1199 3903 totaopaf‚·tontabokollomb.;ornnio
1244 3837 1313 3889 dex

166 3919 420 3986 hisel,·axistiso
475 3923 796 3993 lmodieaelrnininreo
851 3924 1168 3992 Shunranosup.ta'rr.b
1221 3924 1253 3976 10
1266 3939 1312 3974 ne-

167 4024 284 4061 cessaria
302 4025 352 4062 om.
374 4008 401 4062 b¹
473 4029 520 4080 pro
541 4029 560 4064 a
632 4014 845 4083 sempiternaes
910 4013 941 4066 12
962 4012 995 4065 sd
1016 4013 1105 4080 quern]
1127 4016 1209 4079 atque
1227 4027 1254 4077 e;
1273 4013 1312 4064 at-

167 4111 219 4164 que
239 4097 272 4149 ad
293 4112 311 4148 o
377 4099 409 4152 13
429 4102 613 4170 contemptum
633 4119 651 4154 o
725 4104 864 4155 euersione
884 4102 915 4167 d;
933 4101 1109 4158 euersionern.
1128 4101 1312 4168 superscripto

165 4185 474 4249 m.2reuersionem,a
531 4190 562 4243 18
583 4194 610 4243 et
629 4191 741 4245 ooacd
814 4192 909 4244 antiss
964 4191 997 4244 26
1016 4186 1312 4258 nontcmpor.om.b¹

165 4273 308 4327 discrima
