3072 4930
370 435 421 489 De
449 435 624 536 ciuitate
653 433 715 489 dei
742 433 806 492 lib.
835 433 868 489 V.
897 451 972 505 cap.
1002 436 1043 491 18.
1222 437 1288 501 249

129 628 318 704 contemsit,
351 630 389 692 ut
420 647 493 692 eum
527 627 622 692 etiam
654 627 756 710 proici
788 627 984 711 insepultum
1013 630 1138 695 iuberet
1171 627 1286 714 (sicin

128 737 203 801 eius
236 735 330 801 corde
360 734 505 799 orbitatis
530 733 672 799 dolorem
695 734 815 818 gloriae
844 735 1001 819 cupiditas
1027 735 1177 822 uiceratl:
1211 737 1288 820 quid

129 861 291 926 magnum
323 861 357 907 se
389 861 444 925 pro
482 839 640 924 euangelii
680 841 781 905 sancti
818 841 1062 924 praedieatione,
1101 861 1163 924 qua
1199 843 1287 908 ciues

129 967 294 1032 supernae
327 947 445 1030 patriae
473 947 512 1011 de
540 945 677 1012 diuersis
709 945 885 1012 liberantur
917 949 948 1013 et
981 949 1176 1034 colliguntur
1207 969 1287 1014 erro-

97 1055 238 1135 sribus,
270 1054 385 1119 iecisse
409 1053 553 1118 dicturus
581 1057 640 1131 est,
674 1053 727 1118 cui
751 1053 905 1118 Dominus
931 1053 969 1120 de
1001 1055 1166 1138 sepultura
1188 1056 1287 1140 petria

131 1161 184 1226 sui
212 1159 354 1226 sollicito
378 1159 436 1224 ait:
470 1157 635 1242 Sequere
668 1179 723 1224 me
751 1163 787 1225 et
816 1160 895 1225 sine
924 1165 1094 1227 mortuos
1124 1161 1286 1246 sepelire

129 1272 308 1335 mortuos
333 1269 443 1331 suos?
468 1265 501 1332 si
524 1265 653 1332 Marcus
677 1265 832 1351 Regulus,
856 1285 895 1332 ne
920 1267 1159 1334 crudelissimos
1177 1269 1288 1334 hostes

130 1374 270 1440 iurando
293 1374 428 1451 falleret,
453 1373 492 1438 ad
515 1391 569 1438 eos
594 1374 632 1437 ab
656 1373 727 1455 ipse
749 1373 852 1438 Romu
874 1392 1022 1439 reuersus
1048 1378 1107 1453 est,
1127 1375 1286 1458 quoniam,

131 1481 224 1546 sicut
238 1479 390 1545 Romanis
410 1499 482 1544 eum
501 1481 608 1544 tenere
627 1479 810 1544 uolentibus
830 1480 1032 1563 respondisse
1051 1479 1159 1560 fertur,
1175 1483 1288 1562 postea

87 1609 113 1648 ro
133 1607 233 1670 quarn
262 1587 349 1651 Afris
383 1586 547 1664 seruierat,
581 1585 768 1670 dignitatem
800 1585 868 1650 illie
900 1586 1026 1651 honesti
1059 1586 1139 1651 ciuis
1171 1585 1287 1650 habere

132 1713 195 1760 non
220 1696 342 1776 posset,
374 1711 511 1775 eumque
535 1692 822 1775 Carthaginienses,
856 1693 1004 1776 quoniam
1032 1695 1142 1757 contre
1171 1711 1226 1757 eos
1253 1691 1286 1756 in

133 1801 281 1866 Romano
305 1803 418 1865 senatu
442 1803 560 1883 egerat,
584 1799 784 1883 grauissimis
808 1800 974 1883 suppliciis
999 1803 1207 1865 neooueruut:
1232 1799 1288 1881 qui

135 1907 300 1972 cruciatus
332 1926 393 1971 non
424 1911 499 1971 aunt
526 1925 582 1987 pro
614 1905 676 1970 lide
707 1905 796 1970 illius
830 1907 950 1988 patriae
984 1905 1213 1984 contemnendi,
1246 1905 1288 1969 ed

135 2013 231 2079 cuius
252 2012 484 2078 beatitudinem
512 2012 590 2077 fides
618 2013 689 2096 ipse
710 2012 877 2095 perducit?
916 2016 972 2078 aut
995 2012 1070 2095 quid
1095 2013 1288 2077 retribuetur

93 2120 275 2186 uDomino
308 2139 365 2202 pro
399 2119 545 2185 omnibus
578 2138 659 2202 quae
691 2117 849 2197 retribuit,
883 2119 911 2184 si
943 2139 998 2204 pro
1031 2115 1092 2184 fido
1125 2137 1205 2202 quae
1238 2118 1288 2182 illi

136 2226 270 2292 debetur
283 2227 362 2292 talia
375 2226 471 2291 luerit
483 2226 579 2290 homo
594 2245 719 2308 pasena,
740 2225 846 2309 qualia
869 2245 925 2308 pro
939 2226 1002 2290 fide
1020 2245 1114 2308 quam
1134 2225 1287 2309 pernicio·

137 2333 276 2397 cissimis
308 2331 447 2397 inimicis
480 2333 616 2397 debebat
647 2351 762 2414 passus
796 2337 845 2398 est
877 2333 1043 2417 Regulus?
1087 2331 1157 2412 Quo
1191 2332 1286 2396 modo

137 2457 172 2504 se
197 2439 329 2505 audebit
351 2439 499 2504 extollere
524 2439 562 2505 de
590 2439 771 2504 uoluntaria
797 2443 983 2522 paupertate
1008 2439 1219 2514 Christianus,
1251 2439 1289 2502 ut

137 2547 169 2610 in
193 2547 292 2612 huius
316 2547 401 2610 uitae
424 2545 675 2630 peregrinatione
703 2545 878 2628 expeditior
905 2545 1047 2610 ambulet
1076 2545 1173 2622 uiam,
1207 2563 1288 2627 quae

95 2675 121 2718 eo
138 2652 286 2734 perducit
310 2651 349 2717 ad
371 2653 517 2735 petriam,
551 2652 607 2716 ubi
641 2670 732 2716 uerae
757 2651 889 2716 diuitiae
912 2650 1000 2715 Deus
1028 2651 1097 2734 ipse
1121 2653 1180 2727 est,
1214 2669 1287 2715 cum

138 2759 247 2823 audiat
275 2759 329 2824 nel
355 2757 442 2842 legat
463 2758 600 2824 Lucium
622 2758 796 2837 Valerium,
830 2758 938 2841 quiin
963 2777 1021 2822 suo
1046 2757 1216 2848 defunctus¹
1239 2761 1288 2822 est

139 2866 318 2943 consulatu,
342 2885 443 2948 usque
467 2865 543 2930 adeo
567 2865 668 2930 fuisse
691 2884 871 2948 pauperem,
905 2868 942 2929 ut
964 2864 1103 2930 nummis
1128 2883 1146 2928 e
1169 2863 1286 2946 populo

139 2973 273 3037 conlatis
298 2973 367 3037 eius
396 2973 559 3055 sepultura
587 2974 771 3037 ornaretur?
796 2971 904 3036 audiet
931 2971 984 3035 uel
1011 2971 1098 3054 legat
1121 2969 1286 3050 Quintium

140 3075 371 3156 Cincinnatum,
405 3097 478 3143 cum
502 3082 653 3161 quattuor
675 3077 786 3162 iugera
808 3077 988 3161 possideret
1016 3079 1048 3141 et
1071 3095 1107 3140 ea
1131 3074 1199 3140 suis
1222 3093 1286 3138 ma-

97 3207 121 3246 2⁵
139 3185 231 3248 uibus
265 3186 393 3262 coleret,
426 3185 465 3250 ab
497 3188 599 3249 aratro
632 3203 703 3249 esse
736 3184 919 3262 adductum,
952 3185 989 3248 ut
1018 3183 1154 3248 dictator
1185 3180 1286 3257 fieret,

226 3419 243 3472 6
263 3417 313 3471 hit.
332 3417 358 3480 8,
377 3417 412 3471 22
468 3418 501 3473 14
519 3417 563 3472 Ps.
585 3419 644 3479 115,
664 3417 680 3472 3

176 3560 296 3630 lproici
316 3560 433 3615 etiemb
487 3557 741 3629 insepulohrump
801 3557 1027 3624 sieLACa¹e,·
1047 3558 1132 3612 etsie
1152 3556 1286 3626 c²bpqo

139 3691 235 3751 Domb.
328 3695 345 3749 3
369 3649 592 3760 sanctificatione,
611 3693 657 3763 pdi
676 3708 745 3747 corr.
764 3708 799 3746 aa.
818 3707 961 3760 cupersan,
983 3692 1007 3745 C
1094 3694 1112 3746 4
1137 3695 1232 3762 petrae
1252 3689 1285 3742 C¹

138 3781 212 3837 liuer.
232 3783 261 3837 L
325 3783 341 3836 6
360 3783 485 3854 sepellire
503 3781 615 3836 Ludo
683 3783 698 3834 7
717 3781 822 3834 Marcus
841 3780 1015 3850 thepp5
1034 3779 1070 3834 M.
1092 3779 1115 3834 C
1124 3797 1167 3833 ou
1185 3778 1284 3832 Domb.

139 3871 347 3935 crudelissimos,
367 3889 397 3925 os
415 3879 447 3924 ut
464 3871 578 3925 uidetur
596 3887 629 3924 eor
646 3887 689 3923 um
711 3885 789 3932 corr,
811 3868 835 3922 C
905 3871 938 3923 10
958 3869 1024 3923 cibis
1044 3869 1070 3922 L
1144 3868 1176 3921 12
1202 3883 1285 3936 noge-

139 3965 236 4015 ueront
254 3959 289 4013 L¹
302 3959 336 4013 11¹
393 3963 426 4014 14
443 3959 622 4030 perducet0¹
678 3958 778 4028 repro
799 3956 934 4012 accende
953 3957 1045 4011 om.C
1098 3957 1130 4010 18
1150 3961 1181 4009 ut
1195 3955 1287 4008 editur

1153 4027 1204 4060 terta
1215 4035 1286 4070 μψστ

140 4075 195 4130 Lu
208 4076 409 4145 01oudepf
424 4075 539 4141 Domb.;
557 4091 586 4129 se
605 4077 695 4128 autern
716 4072 817 4140 C²olr;
836 4077 925 4126 eutem
946 4090 974 4126 se
993 4089 1033 4141 qo
1123 4071 1284 4134 uoluntate,

139 4182 206 4220 corr.
224 4184 261 4220 m.
281 4165 438 4230 emerrd.,C
507 4165 543 4220 20
560 4165 619 4235 ipse
637 4163 711 4218 Deus
731 4180 772 4232 po
844 4163 876 4216 21
902 4163 1003 4216 lucium
1022 4161 1100 4216 codd.
1115 4167 1229 4230 praeter
1249 4160 1286 4228 0,·

140 4254 168 4308 L.
185 4271 246 4325 sup.
267 4255 317 4308 lin.
340 4254 374 4321 C,·
392 4253 474 4308 L.a=
526 4252 668 4309 ualerioC
720 4252 918 4320 relegatam.
940 4267 958 4303 a
1032 4249 1172 4316 Quintium
1192 4249 1286 4315 codd,

140 4343 170 4408 Q.
189 4361 204 4398 o
259 4345 295 4398 25
315 4341 460 4398 adductum
478 4341 537 4395 Lll
550 4341 652 4397 Cede
670 4341 783 4406 Domb.,·
802 4338 949 4394 abductum
968 4339 1062 4409 bpqo
