3164 4932
268 449 335 518 612
618 448 644 502 S.
672 447 827 501 Aurelii
855 445 1071 516 Augustini
1181 475 1183 482 ι

268 646 338 729 ipse
354 645 522 720 creauerit;
544 646 577 708 et
591 644 618 708 si
632 642 806 726 potentiam
822 659 923 718 suam,
939 645 976 706 ut
994 642 1039 706 ita
1058 641 1170 722 dicam,
1186 641 1423 706 fabricatoriam

269 753 365 816 rebus
394 751 570 828 subtrahat,
598 750 644 814 ita
671 768 732 813 non
762 750 862 824 erunt,
891 748 978 811 sicut
1006 751 1077 812 ante
1106 767 1201 830 quom
1229 747 1342 812 fierent
1363 768 1426 812 non

270 860 408 924 fuerunt.
448 857 509 922 Sed
539 860 610 921 ante
639 855 709 920 dico
739 855 935 930 aeternitate,
959 873 1020 918 non
1044 856 1196 937 ternpore.
1236 852 1316 933 Quis
1341 854 1428 918 enim

271 966 352 1030 alius
377 968 497 1030 creator·
521 967 570 1028 est
592 967 782 1045 temporum,
807 951 869 1026 nisi
893 961 947 1043 qui
965 961 1043 1026 fecit
1062 980 1109 1039 ea,
1129 981 1263 1044 quornm
1283 961 1428 1026 motibus

272 1075 431 1137 currerent
454 1073 618 1153 tempora?

706 1263 843 1328 CAPUT
867 1263 997 1327 XXVII.

275 1407 329 1471 De
346 1405 654 1471 Platonicorum
675 1404 878 1488 opinione,
894 1424 970 1485 qna
988 1403 1430 1487 putaueruntangelos

275 1513 435 1597 quidem
457 1514 573 1577 aDeo
599 1511 801 1596 conditos,
822 1511 892 1576 sed
916 1511 1030 1593 ipsos
1055 1529 1144 1575 esse
1164 1511 1431 1574 homanorum

605 1637 820 1701 corporum
843 1617 1090 1682 conditores.

319 1763 370 1827 Ita
397 1780 472 1825 sane
496 1761 587 1826 Plato
611 1761 750 1824 minores
774 1762 806 1824 et
830 1779 847 1823 a
871 1778 996 1824 summo
1021 1759 1087 1825 Deo
1111 1759 1212 1824 factos
1237 1758 1313 1823 deos
1339 1759 1432 1823 effen·
1456 1786 1482 1824 ιο

275 1872 360 1933 tores
384 1887 454 1933 esse
477 1867 583 1932 uoluit
605 1865 789 1932 animalium
815 1871 1001 1943 ceterorum,
1025 1868 1062 1930 ut
1083 1865 1282 1930 inmortalem
1308 1868 1434 1948 partem

276 1976 315 2040 ab
338 1976 408 2058 ipso
433 1976 603 2050 sumerent,
627 1972 691 2056 ipsi
714 1991 789 2036 uero
813 1974 976 2038 mortalem
998 1971 1188 2037 attererent.
1211 1971 1347 2037 Proinde
1366 1973 1434 2035 ani-

276 2099 398 2146 marum
431 2083 610 2144 nostrarum
643 2098 698 2144 eos
732 2082 886 2144 creatores
918 2077 1022 2144 noluit
1054 2097 1135 2155 esse,
1164 2077 1220 2142 sed
1248 2097 1430 2160 corporum.

278 2189 368 2254 Unde
397 2188 545 2270 qnoniam
574 2186 769 2271 Porphyrius
797 2187 926 2268 propter
953 2185 1075 2250 animae
1103 2185 1324 2270 purgationem
1353 2185 1435 2250 dicit

278 2314 392 2376 corpus
427 2313 518 2358 omne
545 2293 733 2376 fugiendum
762 2292 921 2375 simulque
949 2311 1022 2357 cnm
1042 2311 1109 2376 sno
1137 2293 1267 2356 Platone
1295 2291 1434 2374 aliisque
1458 2313 1483 2351 ιι

276 2400 451 2466 Platonicis
476 2400 574 2465 sentit
597 2419 661 2476 eos,
687 2399 741 2481 qui
764 2399 959 2464 inmoderate
979 2399 1080 2482 adque
1100 2399 1265 2464 inhoneste
1284 2398 1434 2474 uixerint,

277 2509 405 2590 propter
431 2506 562 2571 luendas
585 2525 702 2587 poenas
727 2505 765 2568 ad
790 2525 920 2587 corpora
943 2505 1044 2570 redire
1067 2505 1223 2584 mortalia,
1246 2507 1341 2570 Plato
1366 2506 1436 2588 qui-

278 2614 351 2678 dem
379 2613 475 2677 etiam
502 2613 687 2687 bestiarum,
715 2611 908 2696 Porphyrius
936 2611 1155 2676 tantummodo
1185 2612 1222 2675 ad
1252 2613 1435 2676 hominum:

279 2720 424 2802 seqnitur
447 2738 512 2796 eos,
536 2723 574 2784 ut
597 2719 704 2783 dicant
727 2717 803 2784 deos
827 2719 919 2797 istos,
944 2737 1023 2800 quos
1048 2738 1067 2782 a
1088 2718 1179 2784 nobis
1203 2719 1319 2784 uolunt
1342 2720 1436 2801 quasi

278 2830 423 2910 parentes
462 2829 494 2890 et
526 2824 705 2892 conditores
736 2828 862 2890 nostros
896 2824 969 2902 coli,
1003 2823 1082 2888 nihil
1115 2843 1185 2889 asae
1218 2825 1305 2889 alind
1339 2845 1437 2906 qnam
1459 2849 1488 2886 sn

278 2933 384 2998 fabros
428 2932 603 3016 conpedum
644 2949 847 2996 carcerumue
892 2934 1084 3008 nostrorum,
1125 2949 1182 2995 nec
1221 2931 1439 3004 institutores,

281 3039 336 3104 sed
373 3038 548 3104 inclusores
587 3037 843 3122 adligatoresquo
875 3040 1001 3102 nostros
1034 3038 1203 3120 ergastulis
1236 3038 1440 3103 aerumnosis

282 3149 313 3210 et
347 3144 545 3230 grauissimis
574 3144 721 3209 uinculis.
764 3145 829 3208 Aut
857 3163 930 3228 ergo
960 3143 1106 3208 desinant
1131 3143 1289 3209 Platonici
1317 3164 1440 3227 poenas

281 3253 456 3317 animarum
486 3271 522 3316 er
550 3251 621 3316 istis
651 3251 834 3332 corporibus
865 3250 1060 3327 comminari,
1085 3254 1141 3315 aut
1164 3268 1217 3314 eos
1242 3249 1336 3316 nobis
1360 3251 1442 3316 deos

283 3358 430 3422 colendos
465 3376 525 3421 non
558 3357 748 3440 praedicent,
783 3375 918 3440 quorum
950 3357 982 3420 in
1015 3356 1106 3420 nobis
1140 3358 1366 3438 operationem,
1403 3362 1443 3421 ut
1462 3383 1491 3423 ss
1576 3357 1577 3360 ’

285 3466 437 3544 quantum
474 3482 647 3546 possumus
679 3463 839 3547 fugiamus
874 3467 906 3528 et
937 3461 1120 3538 euadamus,
1153 3463 1330 3541 hortantur,
1363 3483 1443 3528 curn

373 3668 406 3723 10
425 3667 493 3722 Tim.
514 3669 558 3732 41,
579 3666 600 3722 C

322 3791 470 3845 ltnamb
560 3791 766 3860 Psobtrahap't,
786 3808 804 3844 n
823 3807 903 3854 eras,
929 3791 966 3859 V;
985 3791 1163 3845 subtrahasb
1255 3795 1446 3849 tourrentt

286 3879 734 3948 tCop.XXV1o10sedat
790 3882 820 3935 11
841 3886 880 3944 ut,
900 3881 1083 3950 superscripto
1102 3885 1225 3946 m.1et‚
1249 3882 1277 3936 V
1337 3884 1372 3936 12
1392 3885 1444 3938 ad-

285 3971 416 4030 texerent‚
435 3969 467 4022 in
486 3985 572 4038 morp.
593 3969 801 4038 attingerent,l
856 3971 889 4024 13
909 3987 968 4024 esse
987 3970 1104 4026 noluitv
1159 3973 1192 4024 15
1212 3987 1291 4025 omne
1312 3989 1447 4042 corpusv

286 4057 420 4125 simulque
440 4057 639 4126 supplicatione
659 4058 774 4126 aliisquo
794 4059 936 4112 inhoneste
955 4059 1081 4112 aixerunt
1100 4059 1175 4126 (stol)
1197 4059 1212 4112 h
1301 4063 1334 4116 16
1354 4064 1449 4116 sentit

286 4149 317 4198 ut
337 4145 600 4213 Vc,·sentiuntpt
672 4163 735 4200 aco
808 4147 933 4200 aixerunt
953 4164 972 4200 a
1010 4147 1041 4202 18
1061 4148 1144 4200 etiam
1164 4148 1313 4202 bestiarum
1334 4149 1449 4218 Phth:

286 4260 435 4314 bertiarum
452 4261 534 4313 etiarn
548 4253 574 4327 οξ
594 4261 676 4314 etiarn
692 4260 726 4315 ad
739 4263 888 4315 bestiarum
905 4279 975 4332 apa
1030 4263 1062 4317 21
1079 4229 1242 4333 carcerumll.
1263 4264 1290 4316 V
1342 4267 1379 4320 2⁸2
1395 4268 1449 4321 sed

288 4363 342 4401 om.
363 4349 377 4398 lr
1225 4340 1230 4348 ’
