3072 4928
315 321 339 354 μ

241 425 283 486 94
584 419 610 475 S.
639 417 794 473 Aurelii
823 419 1040 488 Augustini

240 615 400 698 uariisque
433 613 542 692 sacris,
575 615 625 678 tot
656 613 749 678 iestis
782 612 1059 688 sollemnitatibus,
1088 614 1137 676 tot
1167 615 1390 694 tantorumque

239 722 386 786 ludorum
421 719 660 786 celebritatibus
692 719 890 796 colebantur,
927 719 984 784 ubi
1016 719 1094 784 nihil
1127 718 1295 784 daemones
1328 719 1389 784 nisi

241 829 404 913 negotium
433 847 527 892 suum
556 829 699 910 egerunt,
728 846 790 892 non
819 830 965 892 curantes
995 846 1088 909 quem
1117 826 1314 891 admodum
1341 826 1391 890 illi

241 936 396 1013 uiuerent,
416 934 513 998 immo
538 937 684 998 curantes
703 937 741 998 ut
759 933 854 998 etiam
875 933 997 1017 perdite
1016 933 1170 1012 uiuerent,
1190 933 1266 998 dum
1286 937 1388 998 tamen

240 1042 352 1107 honori
389 1061 446 1106 suo
485 1040 541 1104 illa
579 1041 684 1105 omnia
715 1043 803 1105 metu
839 1039 959 1104 subditi
992 1039 1217 1104 ministrarent.
1263 1037 1330 1103 Ant
1362 1039 1389 1102 si
1427 1060 1440 1099 a

241 1148 404 1224 dederunt,
437 1148 614 1230 proferatur
646 1146 831 1213 ostendatur
862 1146 997 1231 legatur,
1027 1165 1105 1228 quas
1139 1146 1270 1211 deorum
1301 1144 1389 1229 leges

240 1255 289 1319 illi
309 1255 432 1320 ciuitati
451 1253 541 1320 datas
568 1253 796 1320 contemserint
815 1251 960 1332 Gracchi,
980 1256 1018 1317 ut
1040 1252 1252 1318 seditionibus
1277 1255 1391 1316 cuncta

241 1361 415 1440 turbarent,
440 1380 518 1442 quas
542 1361 664 1425 Marius
693 1364 725 1425 et
749 1359 846 1426 Cinna
875 1363 907 1424 et
930 1360 1042 1437 Carbo,
1067 1362 1104 1423 ut
1131 1359 1163 1424 in
1186 1359 1271 1424 bella
1294 1359 1389 1424 etiam

241 1467 505 1552 progrederentur
520 1467 628 1532 ciuilia
647 1467 752 1532 causis
771 1466 982 1549 iniquissimis
1003 1471 1153 1548 suscepta
1172 1470 1203 1530 et
1222 1465 1392 1530 crudeliter

242 1578 334 1660 gesta
357 1574 579 1656 crudeliusque
602 1573 701 1650 finita,
721 1593 799 1656 quas
820 1572 953 1656 denique
974 1573 1061 1656 Sylla
1079 1573 1160 1656 ipse,
1180 1573 1271 1638 cuius
1290 1574 1389 1638 uitam
1413 1597 1439 1636 ιο

243 1700 346 1746 mores
367 1681 450 1745 facta
469 1679 666 1745 describente
687 1679 840 1745 Sallustio
860 1681 993 1762 aliisque
1014 1679 1222 1763 scriptoribus
1241 1679 1391 1745 historiae

243 1787 314 1871 quis
338 1805 398 1851 non
423 1787 607 1852 exhorreat?
632 1787 703 1870 quis
722 1787 812 1851 illam
830 1805 897 1851 rem
916 1786 1077 1868 publicam
1097 1805 1157 1851 non
1177 1788 1253 1850 tnnc
1272 1785 1390 1870 perisse

145 1949 150 1958 .
242 1895 401 1959 fateatur?

287 2003 334 2066 An
364 2002 445 2067 lorte
473 2004 600 2084 propter
627 2001 762 2066 huiusce
791 2001 876 2066 modi
906 2000 1025 2065 ciuium
1053 2019 1158 2066 mores
1177 1999 1391 2084 Vergilianum

242 2107 330 2172 illam
354 2109 552 2186 sententiam,
577 2108 663 2173 sicut
686 2108 799 2188 solent,
820 2127 875 2190 pro
900 2106 1081 2172 defensione
1105 2107 1236 2173 deorum
1260 2127 1390 2172 suorum
1409 2130 1437 2170 rs

244 2215 400 2297 obponere
424 2215 598 2280 audebunt:

332 2343 499 2402 Discessere
524 2359 623 2402 omnes
647 2343 741 2418 adytis
766 2343 881 2416 arisque
904 2342 1012 2401 relictis

332 2432 379 2502 Di,
404 2432 509 2506 quibus
532 2432 682 2506 imperium
706 2433 761 2491 hoo
786 2435 925 2492 steterat?

242 2550 385 2614 Primum
414 2549 440 2614 si
470 2550 516 2614 ita
544 2554 604 2626 est,
633 2569 693 2614 non
717 2551 835 2616 babent
863 2570 945 2634 quur
975 2555 1145 2634 querantur
1173 2551 1211 2615 de
1239 2551 1391 2634 religione

244 2655 541 2738 Cl11·istiana,quod
568 2658 627 2722 bac
658 2658 770 2723 offensi
794 2676 846 2722 eos
872 2657 903 2721 di
934 2657 984 2722 sui
1013 2656 1218 2736 deseruerint,
1243 2657 1390 2739 quoniam
1411 2683 1437 2722 ro

244 2761 372 2843 quidem
400 2762 535 2828 maiores
565 2784 672 2828 eorurn
701 2765 764 2830 iam
797 2764 919 2847 pridem
951 2764 1092 2830 moribus
1127 2763 1194 2830 suis
1228 2763 1266 2828 ab
1296 2763 1391 2828 Urbis
1522 2749 1523 2754 ἵ

243 2869 395 2934 altaribus
432 2872 497 2934 tam
534 2872 653 2936 multos
692 2891 728 2936 aa
765 2871 905 2936 minutos
943 2871 1018 2936 deos
1060 2875 1222 2953 tamquam
1263 2889 1391 2935 muscas

243 2975 425 3061 abegerunt.
466 2974 528 3040 Sed
556 2979 661 3040 tamen
689 2978 767 3042 haec
795 2976 962 3042 numinum
995 2977 1088 3042 turba
1119 2978 1175 3042 ubi
1207 2983 1284 3054 erat,
1319 2996 1389 3042 cum

242 3083 336 3166 longe
360 3085 528 3165 antequam
552 3102 655 3148 mores
681 3090 957 3166 corrumperentur
980 3083 1102 3166 antiqui
1125 3103 1143 3148 a
1168 3083 1269 3149 Gallis
1292 3084 1392 3149 Roma

244 3191 336 3270 capta
360 3192 392 3254 et
415 3189 542 3254 incensa
566 3193 635 3254 est?
668 3191 716 3254 An
740 3193 921 3272 praesentes
946 3189 1026 3254 forte
1051 3190 1269 3255 dormiebant?
1305 3191 1389 3255 Tunc
1409 3219 1435 3260 ra

243 3294 325 3358 enirn
354 3297 423 3360 tota
448 3295 530 3361 Urbe
558 3296 590 3360 in
618 3297 761 3360 bostium
793 3300 987 3380 potestatem
1019 3296 1146 3362 redacta
1179 3297 1269 3362 collis
1303 3296 1390 3362 solus

244 3399 444 3484 Capitolinus
471 3407 676 3484 remanserat,
702 3405 756 3486 qui
785 3405 880 3470 etiam
903 3405 971 3486 ipse
997 3406 1167 3487 caperetur,
1192 3403 1254 3467 nisi
1278 3404 1390 3468 saltem

333 3609 366 3663 18
385 3609 452 3662 Aen.
472 3611 496 3674 2,
517 3611 568 3664 351
589 3627 629 3680 sq.

281 3760 398 3812 isacris
418 3776 502 3814 om.e
574 3727 751 3816 acolenal'eur
768 3762 794 3815 L
867 3761 1188 3816 turbarent-niterent
1206 3762 1232 3816 L
1299 3763 1391 3816 8tur·

244 3851 339 3900 nerent
357 3847 416 3903 LA
473 3848 505 3902 10
525 3849 584 3902 uita
602 3849 661 3904 La
717 3851 748 3904 ll
769 3849 834 3905 hist.
853 3851 980 3921 scripto
1053 3851 1229 3904 historiarum
1286 3851 1319 3904 12
1338 3867 1389 3903 non

245 3941 309 3989 onte
332 3939 397 3990 tunc
420 3953 480 4004 sup.
506 3937 554 3990 liro.
574 3937 601 3991 L
692 3940 725 3995 15
754 3939 863 3993 deorum
888 3957 996 3993 suorum
1015 3939 1173 4008 ΗΘΜ
1198 3955 1306 3992 suornm
1327 3937 1389 3992 deo·

244 4039 302 4076 rum
321 4025 379 4078 rell.
399 4041 414 4078 o
433 4024 531 4080 Domb.
602 4028 634 4080 17
655 4027 755 4082 abditis
769 4045 791 4097 p
860 4029 894 4084 20
914 4027 1089 4082 deseruerunt
1109 4047 1126 4079 α
1192 4028 1224 4080 21
1246 4026 1391 4081 maioribus

245 4139 333 4192 suisc
387 4141 422 4194 24
442 4107 661 4212 co'rumperenrur
679 4143 717 4208 L;
738 4147 943 4214 corrumpentur
961 4143 996 4198 Λ1
1051 4145 1085 4198 25
1105 4109 1166 4197 anO
1231 4141 1317 4197 thnnc
1334 4141 1392 4197 La

244 4227 279 4367 126
297 4231 436 4369 ροτίεεῒαῒθ
458 4229 508 4283 Cd
598 4231 675 4285 collis
695 4231 768 4286 solus
787 4231 858 4298 LA3
880 4232 928 4286 sol.
950 4231 1010 4286 coll.
1033 4231 1165 4288 Oreito
1236 4233 1270 4285 27
1290 4232 1392 4300 capitu·

257 4316 315 4368 inus
353 4317 388 4370 'd
