3136 4928
365 456 415 511 De
444 459 617 512 ciuitate
646 458 705 512 dei
735 459 800 513 lib.
825 459 857 512 X.
882 477 957 530 cap.
983 461 1026 514 26.
1046 461 1088 514 27.
1234 465 1296 528 491

150 652 335 716 muneribus
372 652 497 717 inuidas
536 653 650 718 habere
686 654 818 717 liberam
850 659 984 719 uocem?
1026 655 1092 720 Iam
1127 655 1297 721 distinxist'

151 759 290 841 angelos,
325 760 379 841 qui
411 759 514 824 Patris
553 760 740 825 adnuntiant
771 762 982 838 uoluntatem,
1016 762 1054 824 ab
1088 762 1133 826 eis
1167 765 1298 846 angelis,

152 865 205 946 qui
234 864 274 928 ad
296 866 447 949 theurgos
470 866 614 932 homines
639 868 744 931 nescio
770 885 831 949 qua
855 867 981 932 deducti
1005 873 1071 932 arte
1095 869 1298 934 descendunt.

152 969 236 1049 Quid
265 971 368 1036 adhuc
397 991 450 1036 eos
478 974 623 1049 honoras,
648 977 685 1037 ut
709 974 795 1038 dicas
819 975 1020 1055 pronuntiare
1045 975 1173 1040 diuina?
1212 974 1299 1055 Quae

123 1078 276 1142 standem
301 1079 410 1143 diuina
434 1081 647 1162 pronuntiant,
672 1082 809 1164 quinon
834 1081 1029 1146 uoluntatem
1053 1082 1157 1146 Patris
1181 1082 1299 1146 adnun-

150 1184 253 1248 tiant?
276 1185 398 1268 Nempe
417 1187 463 1250 illi
483 1189 566 1264 sunt,
592 1207 670 1269 quos
695 1188 793 1251 sacris
817 1189 962 1270 precihus
986 1187 1112 1252 inuidos
1135 1188 1298 1274 adligauit,

152 1310 190 1354 ne
214 1295 408 1373 praestarent
431 1293 552 1357 animae
576 1294 882 1376 pur·gationen1‚neo
906 1315 924 1358 a
946 1295 1038 1370 bono,
1058 1298 1094 1358 ut
1118 1295 1207 1372 diois,
1227 1316 1300 1379 pur·

153 1417 226 1482 gare
256 1398 402 1480 cupiente
431 1400 469 1463 ab
497 1399 563 1464 illis
592 1401 728 1465 uinculis
757 1399 841 1464 solui
869 1405 900 1464 et
928 1419 1003 1464 suae
1032 1403 1182 1482 potestati
1210 1402 1299 1466 reddi

151 1508 333 1586 potuerunt.
371 1505 485 1570 Adhuc
519 1507 645 1571 dubitas
673 1508 750 1572 haec
779 1507 917 1591 maligna
947 1526 1015 1572 esse
1044 1507 1217 1586 daemonia,
1247 1508 1300 1572 uel

110 1639 134 1678 ro
152 1615 183 1675 te
213 1612 304 1695 lingis
332 1613 467 1676 fortasse
496 1614 626 1692 nescire,
652 1614 727 1677 duur
756 1633 815 1677 non
841 1616 891 1678 uis
914 1615 1067 1698 theurgos
1092 1615 1256 1694 offendere,
1282 1635 1301 1679 a

153 1718 269 1798 quihus
289 1720 473 1784 curiositate
493 1721 644 1801 deceptus
664 1720 725 1784 ista
744 1721 921 1803 perniciosa
940 1723 972 1784 et
989 1721 1100 1786 insana
1113 1741 1168 1802 pro
1185 1742 1299 1805 niagno

152 1826 303 1891 beneficio
333 1827 492 1892 didicisti?
531 1829 636 1892 Audes
664 1829 760 1893 istam
787 1829 927 1892 inuidam
951 1848 1010 1893 non
1034 1830 1218 1911 potentiam,
1244 1831 1299 1894 sed

152 1933 377 2014 pestilentium,
407 1938 439 1997 et
471 1954 530 1998 non
564 1935 666 1999 dicam
700 1935 869 2013 dominam,
899 1935 964 2010 sed,
994 1936 1078 2017 quod
1111 1938 1146 1999 tu
1179 1937 1298 2014 fateris,

153 2039 298 2104 ancillam
313 2042 420 2122 potius
436 2041 616 2106 inuidorunr
631 2043 692 2106 isto
714 2061 783 2106 aere
802 2046 985 2108 transcenso
1000 2043 1105 2106 leuare
1124 2044 1156 2106 in
1176 2045 1298 2108 caelum

109 2168 135 2208 re
153 2151 184 2210 et
208 2147 288 2210 inter
307 2147 382 2212 deos
401 2153 526 2212 uestros
546 2149 642 2212 etiam
662 2149 800 2213 sidereos
821 2151 995 2226 conlocare,
1015 2149 1067 2212 uel
1085 2151 1155 2232 ipsa
1174 2169 1300 2232 quoquo

154 2253 257 2318 sidera
280 2254 329 2318 his
355 2254 530 2336 obprobriis
554 2255 725 2320 insaniare?

581 2444 718 2510 CAPUT
741 2446 872 2512 XXVII.

154 2587 205 2650 De
228 2586 413 2668 inpietate
437 2585 646 2669 Porphyrii,
673 2607 743 2667 qua
771 2588 884 2651 etiarn
903 2585 1040 2671 Apulei
1063 2589 1300 2653 transcendit

644 2713 814 2758 errorem.

110 2863 137 2902 eo
200 2835 324 2916 Quanto
349 2837 517 2901 humanius
542 2840 573 2900 ot
596 2837 794 2900 tolerabilius
819 2840 1043 2900 consectaneus
1068 2839 1143 2900 tuus
1162 2836 1299 2900 Platoni-

156 2961 211 3008 cus
239 2945 395 3026 Apuleius
429 2945 555 3020 errauit,
585 2943 639 3025 qui
671 2943 890 3008 tantummodo
926 2943 1091 3007 daemones
1120 2963 1138 3005 a
1164 2943 1241 3007 luna
1269 2945 1301 3006 et

155 3049 234 3114 infra
267 3050 427 3114 ordinatos
460 3051 573 3133 agitari
601 3049 719 3114 morbis
749 3049 932 3132 passionum
960 3049 1138 3131 mentisque
1166 3048 1300 3112 turbelis

155 3157 311 3222 honorans
344 3175 398 3220 eos
431 3157 570 3237 quidem,
604 3157 660 3222 sed
691 3156 800 3221 uolens
834 3157 1005 3240 nolensque
1039 3157 1202 3221 confessus
1236 3165 1299 3220 est:

156 3264 230 3327 deos
263 3269 367 3327 tamen
401 3264 480 3328 caeli
514 3264 690 3345 superiores
724 3263 762 3327 ad
795 3263 935 3327 aetheria
968 3263 1071 3347 spatia
1098 3263 1300 3344 pertinentes,

111 3394 137 3433 aa
158 3371 226 3434 siue
265 3370 422 3446 uisibileS,
457 3389 536 3451 quos
574 3370 762 3452 conspicuos
799 3371 904 3434 lucere
943 3370 1098 3447 cernebat,
1133 3371 1231 3434 solem
1266 3386 1301 3431 ac

156 3478 263 3541 lunam
288 3480 320 3540 et
344 3481 447 3542 cetera
470 3477 587 3540 ibidem
612 3477 741 3552 lurnina,
761 3476 830 3540 siue
849 3475 1039 3550 inuisibileS,
1061 3494 1140 3559 qnos
1160 3476 1300 3558 putabat,

156 3585 194 3648 ab
223 3585 308 3649 omni
336 3584 407 3648 labe
435 3584 567 3648 istarum
596 3584 866 3666 perturbationum
892 3586 1010 3665 quanta
1031 3583 1137 3666 potuit
1160 3583 1301 3664 disputa·

247 3795 279 3847 21
301 3793 402 3848 dedeo
423 3793 495 3848 Soor.
517 3811 541 3863 p.
563 3794 595 3846 15
615 3809 654 3861 sq.

193 3922 205 3973 1
227 3917 368 3972 innidese
457 3917 549 3971 dixisti
570 3935 588 3970 o
608 3919 650 3984 (in
667 3933 752 3986 usurp.
774 3916 942 3980 distinxisti),
963 3917 977 3968 b
1055 3917 1071 3968 3
1091 3914 1246 3983 theurgicos
1265 3927 1303 3966 cs

156 4009 272 4077 lquie
354 4023 509 4060 sosoma
581 4005 876 4075 5qui....nuntiant
895 4007 909 4058 b
928 4005 960 4058 iu
978 4021 1064 4073 marp.
1139 4003 1304 4056 adnuntiant

152 4115 216 4166 pa5
233 4096 387 4168 (inantiant
407 4113 439 4162 a‚·
457 4095 585 4148 nuntiant
602 4095 695 4150 relic
717 4094 812 4148 llomb.
869 4094 884 4146 7
905 4111 919 4146 a
939 4093 1021 4161 bono]
1042 4093 1075 4145 ab
1097 4109 1127 4145 eo
1148 4109 1166 4144 a
1220 4092 1236 4145 8
1256 4107 1302 4144 cu-

158 4187 244 4256 pienti
264 4185 343 4252 obl;
361 4187 500 4253 cupientes
520 4201 533 4237 e
625 4185 657 4237 10
674 4183 829 4250 theurgicos
848 4199 875 4248 s‚·
893 4182 1065 4248 tireorioosp
1159 4180 1190 4233 13
1211 4178 1270 4232 dico
1290 4195 1303 4231 s

158 4277 191 4330 15
210 4275 335 4330 locaret
392 4276 424 4329 16
444 4273 539 4342 sydera
558 4289 617 4340 sup.
639 4273 687 4326 liu.
708 4291 726 4326 a
783 4274 814 4325 18
834 4270 968 4340 apoleiO
1020 4271 1054 4322 *20
1075 4267 1302 4322 consentaneush

156 4365 190 4419 22
219 4365 346 4436 passione
366 4381 383 4416 a
457 4365 490 4417 23
520 4363 670 4416 honoratb
761 4361 870 4430 quidem
890 4376 970 4414 cosa
1042 4361 1078 4412 24
1103 4357 1249 4427 superioris
1269 4372 1304 4410 cs
