3136 4934
297 435 361 498 386
641 431 667 484 S.
696 429 849 483 Aurelii
879 427 1096 498 Augustini

295 627 327 690 id
353 630 402 691 est
423 628 635 690 Romanorum
661 624 891 708 antiquissimis
915 625 1053 708 legibus,
1079 623 1187 689 Cicero
1217 625 1434 687 commemorat

296 753 367 798 esse
392 733 606 816 conscriptum
631 737 663 796 et
687 732 725 810 ei,
750 732 803 815 qui
829 731 887 797 hoc
915 731 1035 808 fecerit,
1065 731 1258 814 supplicium
1288 729 1434 794 constitu-

297 845 387 905 tum?
406 841 571 906 Postremo
587 839 742 921 Apuleius
763 838 831 922 ipse
851 838 1005 921 numquid
1020 843 1098 921 aput
1112 838 1307 904 Christianos
1321 836 1434 900 iudices

298 947 335 1012 de
360 947 493 1031 magicis
518 946 639 1012 artibus
665 950 834 1010 accusatus
859 946 930 1011 est?
960 944 1046 1026 Quas
1071 946 1181 1028 utique
1211 944 1274 1010 sibi
1302 943 1434 1008 obiectas

298 1055 325 1120 si
363 1054 487 1119 diuinas
520 1059 552 1118 et
583 1055 651 1136 pias
686 1073 755 1118 esse
792 1058 925 1119 nouerat
962 1058 994 1117 et
1034 1051 1210 1117 diuinarum
1248 1053 1471 1132 potestatums

297 1161 446 1243 operibus
470 1180 636 1245 congruae,
660 1181 721 1226 non
746 1160 850 1226 solum
875 1181 929 1226 eas
953 1160 1096 1225 confiteri
1120 1160 1239 1235 debuit,
1265 1158 1319 1222 sed
1348 1157 1434 1221 etiarn

297 1267 447 1350 profiteri,
472 1269 558 1350 leges
583 1269 715 1350 culpans
739 1269 859 1350 potius,
886 1267 1002 1350 quibus
1029 1266 1107 1331 hacc
1140 1265 1379 1349 prohiberentur
1408 1269 1436 1326 ot

299 1373 474 1438 damnanda
514 1378 710 1456 putarentur,
753 1393 832 1457 quae
874 1375 982 1438 haberi
1019 1373 1161 1437 miranda
1199 1377 1231 1437 et
1268 1369 1435 1436 ueneranda

298 1483 467 1563 oporteret
491 1481 540 1545 Ita
559 1482 640 1546 enim
660 1483 711 1546 uel
732 1482 921 1546 sententiam
941 1501 1032 1545 suam
1050 1480 1256 1564 persuaderet
1273 1478 1435 1545 iudicibus.

299 1588 361 1666 nel,
396 1587 423 1651 si
453 1587 501 1650 illi
535 1587 709 1654 secundum
741 1589 867 1668 iniquas
900 1590 988 1672 leges
1021 1589 1168 1668 saperent
1199 1604 1335 1666 eumque
1366 1583 1470 1648 taliaro

298 1695 532 1778 praedicantem
556 1695 657 1777 adque
680 1695 862 1760 laudantem
887 1699 988 1760 morte
1006 1696 1188 1770 multarent,
1208 1693 1304 1778 digna
1323 1692 1434 1757 animae

297 1801 386 1866 illius
406 1802 573 1866 daemones
594 1803 674 1866 dona
692 1803 908 1883 rependerent,
929 1823 983 1884 pro
1004 1821 1137 1886 quorum
1158 1801 1275 1865 diuinis
1295 1800 1433 1884 operibns

298 1908 517 1990 praedicandis
541 1909 711 1974 humanam
739 1909 839 1973 uitam
868 1909 931 1974 sibi
964 1909 1061 1974 adimi
1093 1929 1154 1974 non
1184 1907 1326 1984 timerem
1360 1908 1434 1972 sicut

299 2017 451 2098 martyres
486 2015 595 2092 nostri,
625 2035 697 2080 cnm
726 2017 772 2080 eis
801 2036 857 2099 pro
891 2016 1022 2081 crimine
1056 2015 1235 2081 obiceretur
1263 2014 1431 2081 Christiana

298 2122 421 2206 religio,
455 2142 518 2204 qua
547 2127 701 2188 nouerant
733 2141 767 2188 se
806 2122 872 2187 lieri
911 2124 1018 2188 saluos
1056 2127 1089 2187 et
1126 2123 1372 2208 gloriosissimos
1406 2121 1467 2182 iri-a

299 2233 470 2301 aeternum,
495 2248 555 2293 non
580 2249 649 2294 eam
672 2230 815 2313 negando
839 2233 1031 2312 temporales
1055 2249 1173 2313 poenas
1199 2229 1333 2294 euadere
1361 2227 1432 2291 dole-

300 2341 424 2420 gerunt,
448 2337 505 2401 sed
527 2337 634 2419 potius
663 2337 840 2401 confitendo
873 2337 1048 2421 profitendo
1081 2337 1290 2421 praedicando
1325 2339 1356 2400 et
1384 2354 1431 2417 pro

299 2444 357 2508 hac
382 2443 486 2508 omnia
510 2442 646 2508 fideliter
671 2443 854 2526 fortiterque
879 2445 1040 2510 tolerando
1060 2449 1182 2508 etcum
1201 2443 1255 2525 pia
1274 2443 1432 2508 securitate

300 2550 462 2615 moriendo
485 2550 585 2634 leges,
615 2549 730 2633 quibus
759 2551 995 2635 prohibebatur,
1024 2552 1208 2616 erubescere
1237 2548 1432 2632 conpulemnt

300 2656 480 2738 mutarique
503 2656 652 2722 focemnt.
689 2657 795 2722 Huius
820 2661 925 2722 autern
949 2657 1130 2741 philosophi
1152 2657 1309 2722 Platonici
1341 2654 1466 2737 copie-o
1536 2733 1537 2736 Ἴ

302 2764 429 2828 sissima
452 2767 484 2828 et
508 2763 718 2828 disertissima
742 2767 827 2830 extat
851 2767 961 2843 oratio,
986 2785 1048 2847 que
1071 2765 1189 2830 crimen
1209 2763 1326 2828 artium
1344 2761 1431 2844 magi·
1536 2755 1537 2800 ἶ

301 2890 409 2935 carum
434 2891 451 2936 a
474 2891 508 2936 se
533 2871 669 2936 alienum
694 2891 764 2938 esse
789 2873 929 2938 defendit
953 2893 1050 2957 seque
1074 2873 1165 2938 aliter
1188 2891 1248 2938 non
1269 2874 1340 2938 uult
1357 2871 1431 2934 inno·

302 2984 424 3043 centem
448 2977 549 3042 uideri
573 2979 634 3043 nisi
658 2997 695 3042 ea
713 2979 868 3064 negando,
888 2998 968 3061 quae
987 2999 1048 3044 non
1067 2983 1203 3062 possunt
1221 2979 1260 3044 ab
1279 2978 1430 3043 innocente

302 3084 468 3149 committi.
491 3085 535 3148 At
557 3083 663 3150 omnia
684 3085 838 3151 miracula
860 3105 1035 3170 magorum,
1056 3106 1136 3168 quos
1156 3090 1240 3152 recte
1260 3086 1356 3151 sentit
1371 3101 1431 3148 csse

301 3190 504 3268 damnandos,
525 3190 675 3256 doctrinis
694 3191 775 3256 frunt
793 3196 826 3256 et
845 3193 993 3276 operibus
1013 3193 1212 3268 daemonum,
1232 3211 1311 3275 quos
1329 3187 1466 3256 redorta

302 3317 383 3381 quur
406 3301 532 3363 censeat
555 3297 765 3377 honorandos,
790 3319 843 3364 eos
867 3301 1062 3365 necessarios
1087 3298 1234 3365 adserens
1253 3295 1430 3382 perferendis

302 3403 341 3468 ad
365 3403 440 3468 deos
464 3404 611 3486 precibus
635 3405 762 3482 nostrie,
788 3425 922 3488 quorum
947 3406 1098 3471 debemus
1123 3425 1218 3488 opere
1242 3406 1387 3480 deultare,
1408 3401 1431 3464 si
1534 3459 1535 3476 ,

303 3509 341 3574 ad
366 3509 469 3574 Deum
493 3529 604 3575 uerum
628 3531 736 3594 preces
764 3516 889 3577 nostras
923 3513 1072 3577 uolumus
1105 3513 1279 3595 peruenire.
1325 3507 1430 3575 Deinde

303 3635 429 3697 quaero,
454 3616 563 3700 quales
587 3637 696 3701 preces
720 3618 884 3684 hominum
910 3619 958 3684 dis
986 3619 1078 3684 bouis
1106 3639 1162 3702 per
1194 3619 1357 3684 daemones
1387 3613 1430 3678 ad-

392 3879 408 3930 2
426 3877 496 3932 Plin.
516 3879 550 3933 H.
570 3878 603 3932 N.
623 3879 747 3944 XXVIII,
769 3882 791 3942 l,
811 3880 836 3944 2,
861 3881 891 3934 18

339 4049 355 4100 2
375 4052 403 4100 et
422 4047 446 4100 ei
468 4046 709 4117 Odelpqsaf;
729 4051 752 4103 ei
769 4051 865 4104 abbo
920 4050 1140 4120 3ipsehpul.v
1198 4015 1353 4120 utinquidh·
1370 4059 1429 4099 nunc

304 4135 401 4204 quida
472 4135 527 4189 iud.
548 4136 674 4192 christo
742 4139 846 4208 8quac
865 4139 966 4192 hacce
1035 4139 1067 4193 10
1086 4143 1275 4209 spernerente
1330 4135 1361 4188 19
1378 4149 1429 4203 pro·

303 4250 429 4304 hibentur
449 4250 468 4302 l¹
536 4251 571 4304 26
591 4219 729 4307 censeritl
800 4253 956 4308 honorando
979 4255 1010 4308 0¹
1084 4271 1185 4309 necess.
1205 4271 1285 4308 cosa
1343 4251 1372 4304 27
1391 4265 1429 4300 no·

304 4340 366 4390 stris
385 4355 455 4407 prec.
475 4357 491 4392 o
545 4341 579 4395 28
599 4341 713 4410 adligari
737 4343 853 4396 Cous*
