3136 4928
399 392 450 446 Dc
479 393 653 450 ciuitate
681 391 742 448 dai
768 392 835 448 lib.
862 393 896 448 X.
925 411 998 464 cap.
1023 393 1065 448 29.
1236 399 1300 462 497

154 588 209 670 qui
230 589 264 660 te
287 583 538 670 magnipendunt
559 587 592 649 et
613 587 645 648 te
673 583 727 649 uel
750 585 974 668 qualicumque
998 605 1103 653 amore
1126 589 1300 671 sapientiae

153 695 207 758 uel
241 692 424 758 curiositate
457 691 583 767 artiirm,
617 708 695 771 quas
727 710 789 756 non
822 691 960 758 debuisti
993 693 1124 772 discere,
1153 695 1302 780 diligunt,

155 819 234 882 quos
253 800 361 882 potius
378 799 411 861 in
430 801 486 862 tua
505 797 735 880 conpellatione
754 798 917 882 adloquor,
936 800 1072 864 fortasse
1095 820 1156 866 nou
1174 803 1303 867 frustra.

155 906 267 972 Gratia
281 905 342 970 Dei
359 924 419 970 nou
439 904 544 987 potuit
562 904 684 987 gratius
705 905 927 982 commendari,
943 925 1037 988 quam
1057 909 1094 972 ut
1107 908 1175 990 ipsc
1190 909 1304 974 unicus

123 1037 136 1078 s
154 1013 216 1078 Dei
233 1012 335 1077 Filius
360 1011 390 1075 in
416 1030 450 1076 se
473 1011 776 1076 incommutabiliter
793 1031 922 1076 manens
942 1013 1125 1079 indueretur
1143 1015 1304 1080 bominem

156 1124 188 1185 et
216 1139 306 1202 spem
333 1117 512 1182 dilectionis
537 1136 612 1182 suae
637 1117 725 1182 daret
748 1117 929 1183 hominibus
953 1119 1080 1184 homine
1104 1122 1218 1200 medio,
1243 1141 1306 1204 qua

157 1226 197 1290 ad
223 1226 315 1290 illum
342 1224 380 1288 ab
408 1223 590 1289 hominibus
619 1223 790 1300 ueniretur,
816 1225 870 1306 qui
894 1229 958 1290 tam
982 1226 1076 1309 longe
1100 1231 1168 1293 erat
1190 1228 1305 1293 inmor-

156 1331 231 1396 talis
260 1351 278 1396 a
303 1331 504 1409 mortalibus,
535 1329 805 1394 incommutabilis
834 1351 851 1396 a
879 1333 1171 1412 commutabilibus,
1199 1335 1305 1399 iustus

158 1439 196 1502 ab
214 1437 322 1520 inpiis,
340 1439 453 1502 beatus
473 1457 491 1500 a
508 1437 644 1502 miseris.
663 1437 706 1501 uc
724 1438 797 1519 quia
815 1439 1001 1503 naturaliter
1018 1440 1133 1504 indidit
1152 1441 1254 1519 uobis,
1269 1443 1308 1506 ut

114 1569 139 1610 ιο
156 1545 242 1610 beati
256 1544 503 1626 inmortalesque
520 1563 590 1608 csse
604 1544 780 1626 cupiamus,
793 1563 923 1608 maneus
938 1545 1051 1610 beatus
1067 1545 1307 1630 suscipiensque

157 1651 335 1726 mortalem,
354 1654 391 1716 ut
413 1650 504 1715 nobis
527 1649 681 1714 tribueret
699 1650 782 1732 quod
801 1670 954 1730 amamus,
974 1653 1177 1736 perpetiendo
1198 1653 1308 1719 docuit

159 1762 357 1824 contemnere
382 1757 466 1840 quod
490 1757 651 1822 timemus.

205 1865 267 1930 Sed
293 1865 369 1930 huic
396 1863 524 1928 ueritati
551 1867 589 1928 ut
615 1864 754 1946 possetis
783 1864 995 1946 adquiescere,
1018 1865 1199 1930 humilitate
1228 1885 1309 1948 opus

161 1976 236 2049 erat,
262 1990 341 2053 quae
366 1969 482 2035 ceruici
506 1973 631 2034 uestrae
655 1970 842 2036 difficillime
865 1973 1049 2054 persuaderi
1071 1976 1189 2055 potest.
1224 1969 1308 2051 Quid

116 2102 142 2144 is
161 2079 244 2144 enim
277 2076 461 2142 incredibile
494 2076 620 2150 dicitur,
647 2077 834 2158 praesertim
866 2078 959 2143 uobis
993 2078 1047 2160 qui
1081 2079 1157 2142 talia
1185 2079 1308 2162 sapitis,

161 2184 278 2267 quibus
302 2183 341 2248 ad
364 2182 424 2247 boc
448 2181 637 2247 credendum
657 2203 715 2248 uos
738 2183 826 2266 ipsos
850 2183 1015 2248 admonere
1040 2184 1195 2260 debeatis3
1222 2185 1309 2266 quid,

160 2293 300 2374 inquam,
328 2288 422 2354 uobis
455 2289 638 2354 incredibile
668 2290 792 2367 dicitur,
822 2309 895 2354 cum
923 2291 1040 2355 dicitur
1066 2292 1154 2356 Deus
1183 2291 1310 2356 adsum·

162 2397 242 2463 sisse
265 2397 437 2462 humanam
461 2397 597 2460 animam
622 2400 654 2462 ct
677 2397 813 2478 corpus?
837 2397 901 2462 Vos
922 2401 1006 2463 certe
1024 2402 1149 2462 tanturn
1169 2399 1310 2463 t1ibuitis

163 2505 284 2568 animae
313 2502 531 2579 intellectuali,
556 2520 638 2584 quae
667 2503 770 2568 anima
798 2503 908 2586 utique
936 2503 1073 2568 bumana
1097 2507 1156 2581 est,
1181 2506 1218 2568 ut
1241 2523 1310 2568 eam

120 2635 145 2674 se
164 2609 469 2677 consubstantialem
495 2612 643 2692 paternae
670 2609 720 2674 illi
747 2609 856 2687 menti,
882 2629 975 2692 quem
1004 2610 1064 2674 Dei
1091 2610 1209 2674 uilium
1238 2627 1311 2674 con·

165 2718 308 2795 fitemini,
331 2717 399 2782 fieri
426 2735 521 2799 posse
549 2715 672 2783 dicatis.
707 2714 790 2796 Quid
815 2735 888 2800 crgo
912 2717 1097 2781 incredibile
1122 2719 1180 2794 est,
1205 2716 1232 2781 si
1257 2717 1312 2781 ali·

165 2845 228 2908 qua
254 2843 317 2889 una
344 2822 570 2888 intellectualis
600 2822 704 2887 anima
731 2823 824 2888 modo
854 2823 991 2905 quodam
1019 2823 1171 2887 ineffabili
1195 2826 1227 2888 ct
1250 2823 1312 2888 sin·

166 2931 269 3018 gulari
290 2950 346 3014 pro
370 2931 546 2994 multorum
569 2930 672 2994 salute
692 2931 841 3012 suscepta
861 2933 931 2995 est?
956 2929 1077 3014 Corpus
1096 2949 1172 2995 uero
1191 2931 1313 2994 animae

166 3040 343 3116 cohaerere,
371 3040 409 3102 ut
441 3037 535 3101 bomo
567 3039 656 3118 totus
686 3039 718 3101 ct
747 3037 859 3120 plenus
888 3037 941 3116 sit,
971 3040 1084 3101 natura
1109 3037 1180 3120 ipsa
1206 3039 1314 3101 nostra

124 3171 147 3210 a
165 3149 248 3212 teste
267 3145 500 3229 cognoscimus.
525 3141 696 3223 Quodnisi
715 3144 965 3208 usitatissimum
984 3144 1153 3222 erectheo
1172 3144 1313 3226 proiecto

168 3255 254 3316 esset
279 3249 512 3322 incredibilius;
541 3248 668 3313 facilius
697 3249 813 3332 quippe
840 3250 872 3313 in
896 3249 990 3314 iidem
1014 3250 1229 3332 recipiendum
1253 3251 1313 3328 est,

167 3359 228 3424 etsi
259 3357 435 3422 humanum
468 3355 587 3432 diuino,
615 3356 676 3420 etsi
703 3357 890 3420 mutabilem
916 3357 1181 3432 incommutabili,
1209 3359 1314 3421 tamen

169 3464 317 3549 spiritum
350 3463 487 3546 spiritui,
516 3467 571 3528 aut
603 3466 640 3527 ut
671 3463 778 3528 uerbis
812 3467 882 3527 utar
910 3482 990 3545 quae
1025 3464 1057 3528 iu
1090 3483 1150 3529 usu
1179 3463 1314 3540 habetis,

203 3771 455 3826 rnenaaeume
526 3765 1187 3834 5induereturabcleDomb.;indueretpc
1264 3765 1314 3817 ho·

168 3859 240 3914 ruine
256 3875 299 3914 ae
351 3862 368 3914 6
383 3875 447 3913 suae
463 3857 510 3911 dil.
524 3875 543 3912 c
605 3873 658 3927 quo
673 3871 747 3910 unus
761 3875 793 3923 o,·
807 3873 868 3926 qna,
883 3855 1068 3924 resperseripto
1082 3855 1115 3909 lc.
1132 3845 1286 3920 dilectione,
1293 3869 1314 3922 p

171 3949 202 4003 11
222 3948 411 4002 achisama
485 3947 517 4001 13
536 3963 675 4016 possemus
696 3963 714 4000 a
788 3948 821 3999 14
839 3949 987 3998 nostraea
1061 3945 1093 3998 16
1116 3941 1322 4019 nobisipsosl·

170 4037 294 4094 debeatis
314 4035 441 4102 abelu3
462 4034 561 4089 debeat
579 4052 606 4102 s,·
625 4033 721 4088 deceat
736 4051 769 4104 p;
789 4033 922 4087 debuistis
942 4053 960 4084 a
1070 4033 1101 4085 17
1128 4031 1226 4086 dicitur
1250 4028 1315 4082 deus

171 4125 416 4196 obclpe;Dens
436 4123 569 4180 dicituro
591 4123 691 4178 Domb.
799 4124 835 4177 20
858 4139 939 4192 quam
959 4123 990 4174 α’
1097 4120 1133 4174 al
1156 4119 1318 4174 coherenss

170 4221 205 4274 25
225 4215 402 4273 essetom.e¹
457 4215 491 4270 26
510 4214 662 4267 infideeo
733 4215 833 4266 cssete
887 4213 920 4264 27
940 4208 1149 4264 mutabilcbes
1203 4206 1237 4261 28
1257 4211 1318 4259 utar

171 4307 251 4379 quae]
271 4309 419 4374 utraques
489 4305 517 4357 in
536 4318 614 4356 usum
632 4299 656 4356 cl

196 4431 278 4476 XXXX
295 4432 353 4481 Aue.
369 4439 440 4481 opera
453 4429 527 4472 Saeuo
541 4429 561 4470 V
574 4437 627 4479 pm
642 4427 661 4468 1.
1244 4401 1279 4453 32
