3164 4932
290 405 353 468 592
631 404 657 456 S.
686 403 843 457 Aurelii
872 405 1089 474 Augustini

290 598 423 675 caelum,
455 597 493 661 de
527 617 588 680 quo
622 597 742 662 dictum
776 601 839 662 est:
877 599 918 662 In
952 599 1156 682 principio
1191 600 1296 664 fecit
1329 601 1436 666 Deus

290 703 444 766 caelum
482 707 521 766 et
559 707 715 777 terram,
754 723 825 768 oum
863 708 969 768 tamen
1009 725 1069 770 non
1107 705 1233 781 fuerint,
1267 711 1437 789 antequam

288 809 407 887 fierent,
428 828 465 874 ne
487 809 680 886 inmortales,
701 809 727 874 si
752 829 875 892 semper
893 810 994 874 fnisse
1014 811 1172 889 dicuntur,
1192 812 1259 876 Deo
1280 814 1438 877 coaeterni

289 935 359 980 esse
383 915 558 980 credantur.
584 914 617 980 Si
640 920 746 980 antem
771 916 875 982 dixero
899 937 960 981 non
985 919 1015 980 in
1039 919 1180 1000 tempore
1200 923 1324 984 creatos
1345 939 1438 1003 ange·

288 1022 347 1098 los,
381 1020 436 1086 sed
465 1025 536 1086 ante
565 1023 671 1086 omnia
698 1027 840 1106 tempora
869 1029 901 1087 et
928 1023 1015 1107 ipsos
1044 1023 1154 1100 fuisse,
1185 1044 1320 1107 quorum
1349 1025 1438 1090 Deus
1471 1050 1484 1086 θ

289 1128 435 1192 dominus
465 1131 560 1207 esset,
590 1129 645 1211 qui
669 1149 842 1212 numquam
866 1131 928 1194 nisi
952 1131 1098 1195 domiuus
1123 1131 1197 1196 fuit:
1228 1137 1399 1214 quaeretur
1422 1151 1440 1195 a

289 1255 338 1298 me
367 1235 473 1313 etiam,
503 1235 530 1298 si
558 1240 629 1299 ante
659 1237 764 1300 omnia
790 1239 932 1320 tempora
960 1237 1033 1302 facti
1064 1241 1148 1314 sunt,
1177 1245 1284 1302 utrum
1314 1257 1441 1321 semper

289 1341 449 1424 potuerint
472 1359 543 1406 esse
568 1343 623 1424 qui
645 1343 721 1407 facti
746 1348 828 1410 sunt.
866 1345 927 1408 Hic
951 1343 1202 1426 respondendum
1226 1345 1308 1408 torte
1332 1344 1439 1407 uidea-

289 1453 355 1510 tur:
381 1447 450 1527 Quo
475 1449 568 1512 modo
592 1467 652 1512 non
678 1468 810 1530 semper,
837 1469 908 1514 curn
933 1450 974 1515 id.
995 1451 1080 1532 quod
1103 1453 1152 1515 est
1176 1450 1260 1514 omni
1284 1457 1439 1532 tempore,

289 1572 348 1617 non
378 1555 635 1618 inconuenienter
662 1575 787 1636 semper
815 1575 884 1620 esse
913 1557 1056 1620 dicatur?
1094 1557 1203 1638 Usque
1227 1556 1306 1622 adeo
1332 1561 1439 1620 antem
1459 1581 1486 1620 ιθ

287 1660 342 1724 isti
367 1660 617 1743 omnitempore
641 1662 779 1726 fuerunt.
806 1667 841 1726 ut
864 1663 958 1727 etiam
983 1667 1053 1727 ente
1078 1664 1182 1728 omnia
1200 1667 1345 1745 tempora
1363 1662 1439 1726 facti

291 1767 367 1840 sint;
392 1768 420 1830 si
443 1771 547 1831 tamen
572 1787 590 1831 a
614 1770 701 1832 caelo
726 1773 837 1851 coepta
862 1775 936 1834 sunt
958 1773 1109 1852 tempora,
1136 1774 1167 1834 et
1190 1769 1237 1833 illi
1261 1769 1327 1832 iam
1352 1771 1441 1832 erant

290 1879 361 1936 aute
385 1875 517 1938 caelum.
542 1877 586 1939 At
610 1876 636 1939 si
659 1879 787 1956 tempus
808 1895 867 1940 non
888 1878 1020 1952 acacio,
1041 1895 1152 1940 nerum
1172 1881 1204 1940 et
1222 1879 1293 1940 ante
1315 1874 1440 1939 eaelum

290 1980 364 2056 fuit;
398 1999 459 2044 nou
494 1981 619 2062 quidem
651 1981 683 2044 in
718 1981 803 2046 horis
837 1989 868 2047 θῖ
896 1983 1007 2047 diebus
1036 1987 1068 2047 et
1095 1984 1258 2048 mensibus
1288 1985 1320 2046 et
1349 1982 1440 2045 annis

291 2086 375 2171 (narn
402 2087 483 2152 istae
512 2088 724 2153 dimensiones
752 2091 974 2173 temporalium
1002 2073 1187 2173 spatiorum,
1213 2109 1292 2173 quae
1322 2089 1488 2154 usitatam

290 2212 326 2257 ac
358 2194 481 2276 proprie
515 2194 662 2258 dicuntur·
693 2198 847 2278 tempora,
880 2196 1083 2260 manifestum
1112 2199 1161 2261 est
1188 2195 1272 2278 quod
1302 2215 1318 2259 a
1348 2200 1439 2258 motu

290 2300 429 2364 siderum
454 2302 626 2384 coepe1·int;
652 2301 734 2365 unde
758 2306 791 2366 θῖ
811 2302 907 2378 Deua,
932 2321 1003 2366 curn
1027 2302 1102 2366 haec
1126 2303 1319 2374 institueret,
1346 2303 1441 2365 dixit:

290 2408 338 2471 at
371 2407 455 2472 sint
486 2408 524 2471 in
559 2409 675 2492 signa
708 2409 746 2471 et
778 2408 818 2471 in
852 2412 1032 2490 tempora
1065 2412 1104 2473 et
1136 2408 1173 2472 in
1208 2408 1294 2472 dies
1330 2413 1370 2472 et
1402 2411 1441 2472 in

292 2513 437 2598 annos),
462 2513 518 2578 sed
541 2515 571 2577 in
596 2515 702 2596 aliquo
727 2515 871 2579 rrrntabili
897 2518 996 2592 motu,
1016 2516 1107 2579 ouius
1127 2514 1215 2578 aliud
1233 2515 1333 2597 priua,
1353 2515 1443 2578 aliud

290 2619 448 2700 posterius
480 2619 638 2702 praeterit,
673 2640 708 2684 eo
738 2620 821 2702 quod
849 2621 945 2686 simul
974 2641 1043 2686 esse
1071 2641 1131 2686 non
1159 2625 1310 2704 possunt;
1341 2658 1384 2667 —
1416 2624 1490 2686 sien

292 2746 365 2811 ergo
390 2729 460 2791 ante
485 2727 608 2791 caelum
631 2728 662 2790 in
683 2728 834 2810 angelicis
855 2728 995 2792 motibus
1014 2727 1078 2791 tale
1097 2726 1217 2808 aliquid
1238 2727 1301 2790 init
1319 2731 1352 2790 et
1369 2727 1443 2790 ideo

291 2840 418 2916 tempus
441 2834 504 2897 ium
528 2834 590 2897 fuit
613 2835 715 2915 adque
739 2835 854 2918 angeli,
876 2853 911 2898 ex
936 2851 997 2916 quo
1023 2833 1096 2896 iacti
1117 2837 1201 2910 sunt,
1221 2833 1445 2914 temporaliter

291 2941 513 3004 monebantur:
539 2940 633 3004 etiem
659 2941 704 3005 sic
730 2942 977 3024 omnitempore
1001 2940 1138 3016 fuerunt,
1163 2939 1287 3022 quando
1313 2940 1443 3020 quidem

293 3066 365 3112 cnm
387 3037 452 3112 iliis
476 3048 559 3112 iacta
583 3053 657 3112 sunt
680 3050 832 3129 tempora.
867 3046 945 3126 Quis
970 3050 1075 3110 autem
1101 3045 1198 3110 dicat:
1223 3045 1293 3110 Non
1318 3065 1446 3126 semper

291 3155 364 3230 fuit,
389 3154 472 3237 quod
497 3154 747 3236 omnitempore
772 3155 853 3218 fuit?

338 3262 400 3328 Sed
430 3262 456 3326 si
484 3263 543 3325 hoc
572 3261 773 3342 respondero,
798 3261 921 3324 dicetur
943 3259 1036 3324 mihi:
1066 3257 1254 3338 Quomodo
1280 3277 1354 3341 ergo
1380 3277 1443 3321 non

294 3369 449 3433 coaeterni
478 3368 628 3444 Creatori,
658 3369 684 3432 si
713 3366 927 3451 comperitur,
958 3385 1081 3449 semper
1107 3365 1155 3429 illi
1183 3365 1335 3428 inerunt?
1372 3363 1444 3442 Quo

293 3475 386 3540 modo
415 3475 509 3538 etiam
540 3474 635 3538 creati
666 3473 789 3538 dicendi
819 3476 902 3550 sunt,
928 3473 955 3538 si
979 3491 1103 3554 semper
1125 3471 1226 3536 fuisse
1249 3471 1443 3547 intellegun-

293 3585 366 3645 tur?
390 3581 438 3645 Ad
462 3582 521 3645 hoc
546 3581 621 3661 quid
645 3580 906 3663 respondebitur?
931 3579 979 3643 An
1005 3578 1172 3643 dicendum
1197 3579 1247 3641 est
1266 3577 1298 3641 θῖ
1318 3595 1445 3658 semper

330 3781 491 3836 edicantur
510 3782 550 3834 bn
623 3786 718 3834 4eese
738 3784 875 3834 creatose
947 3777 1030 3832 odiis
1050 3776 1112 3830 det
1186 3775 1441 3844 dquaerituraei

296 3872 311 3922 7
339 3871 405 3924 facti
429 3871 485 3924 sint
508 3871 531 3923 si
556 3875 646 3922 tamen
672 3868 779 3922 omissio
801 3884 871 3936 quae
889 3867 955 3920 inde
974 3883 992 3919 a
1012 3867 1060 3922 lio.
1087 3870 1104 3918 7
1127 3882 1210 3933 sasque
1234 3865 1274 3920 od
1297 3869 1334 3918 12
1356 3865 1441 3917 ircim·

295 3961 433 4015 ceduala
508 3960 539 4012 12
560 3964 653 4012 suntt
726 3963 840 4014 eoam
916 3958 947 4010 13
966 3956 1012 4025 At]
1033 3973 1064 4010 ac
1083 3955 1107 4022 b,
1126 3959 1157 4008 ut
1177 3954 1199 4008 t²
1274 3955 1306 4008 18
1326 3959 1355 4008 et
1373 3962 1440 4006 tern-

295 4056 386 4119 porat
459 4052 487 4101 et
506 4065 618 4101 annosa
674 4049 706 4100 19
721 4047 804 4114 price
823 4044 897 4099 eliud
917 4061 950 4098 ecc
967 4043 1072 4113 aliquid
1086 4058 1155 4098 corr.
1176 4043 1200 4092 V
1253 4043 1288 4097 20
1307 4043 1441 4112 posterius

297 4154 354 4192 esse
370 4155 390 4205 p
465 4137 636 4206 praeterierit
653 4153 683 4202 o,·
701 4135 803 4205 poterit
816 4140 860 4203 pt
932 4135 1078 4203 potuerunt
1091 4138 1135 4200 pi
1203 4132 1235 4185 21
1258 4135 1286 4184 et
1304 4131 1365 4184 ideo
1383 4135 1403 4182 t.
1423 4129 1440 4184 i.

296 4227 349 4279 init
368 4243 418 4278 orn.
440 4225 470 4278 a¹
543 4226 578 4278 22
601 4227 684 4292 temp.
704 4225 769 4290 iam]
790 4226 942 4292 temporum
962 4227 972 4274 ῖ
1062 4223 1090 4273 et
1108 4219 1229 4289 angelii
1301 4219 1335 4273 24
1359 4216 1441 4270 sinti

297 4315 330 4367 26
349 4314 400 4366 hoc
421 4312 484 4382 qnid
503 4315 687 4380 superscripto
708 4317 748 4364 est
768 4311 782 4364 b
855 4327 910 4363 non
929 4314 993 4363 sunt
1013 4325 1055 4362 ao
1109 4310 1142 4360 21
1164 4310 1340 4362 consternor
