<?xml version="1.0" encoding="UTF-8"?>
<!DOCTYPE html PUBLIC "-//W3C//DTD XHTML 1.0 Transitional//EN"
    "http://www.w3.org/TR/xhtml1/DTD/xhtml1-transitional.dtd">
<html xmlns="http://www.w3.org/1999/xhtml" xml:lang="en" lang="en">
 <head>
  <title>
</title>
<meta http-equiv="Content-Type" content="text/html;charset=utf-8" />
  <meta name='ocr-system' content='tesseract 3.04.00' />
  <meta name='ocr-capabilities' content='ocr_page ocr_carea ocr_par ocr_line ocrx_word'/>
</head>
<body>
  <div class='ocr_page' id='page_1' title='image "./corpusscriptoru20wiengoog_0028.png"; bbox 0 0 3094 4932; ppageno 0'>
   <div class='ocr_carea' id='block_1_1' title="bbox 614 436 1296 505">
    <p class='ocr_par' dir='ltr' id='par_1_1' title="bbox 614 436 1296 505">
     <span class='ocr_line' id='line_1_1' title="bbox 614 436 1296 505; baseline -0.004 -13"><span class='ocrx_word' id='word_1_1' title='bbox 614 436 830 492; x_wconf 80' lang='lat' dir='ltr'>Praefatio.</span> <span class='ocrx_word' id='word_1_2' title='bbox 1203 439 1296 505; x_wconf 77' lang='lat' dir='ltr'>XVII</span> 
     </span>
    </p>
   </div>
   <div class='ocr_carea' id='block_1_2' title="bbox 146 631 1345 3813">
    <p class='ocr_par' dir='ltr' id='par_1_2' title="bbox 146 631 1297 1038">
     <span class='ocr_line' id='line_1_2' title="bbox 146 631 1296 718; baseline -0.002 -18"><span class='ocrx_word' id='word_1_3' title='bbox 146 636 230 700; x_wconf 89' lang='lat' dir='ltr'>enim</span> <span class='ocrx_word' id='word_1_4' title='bbox 251 637 374 716; x_wconf 82' lang='lat' dir='ltr'><strong>septem</strong></span> <span class='ocrx_word' id='word_1_5' title='bbox 392 633 466 698; x_wconf 85' lang='lat' dir='ltr'>libri</span> <span class='ocrx_word' id='word_1_6' title='bbox 485 631 711 718; x_wconf 80' lang='lat' dir='ltr'>(XII-XVII)</span> <span class='ocrx_word' id='word_1_7' title='bbox 730 633 908 698; x_wconf 89' lang='lat' dir='ltr'>uetustiore</span> <span class='ocrx_word' id='word_1_8' title='bbox 928 636 960 698; x_wconf 91' lang='lat' dir='ltr'>et</span> <span class='ocrx_word' id='word_1_9' title='bbox 979 633 1180 717; x_wconf 87' lang='lat' dir='ltr'>diligentiore</span> <span class='ocrx_word' id='word_1_10' title='bbox 1199 652 1296 698; x_wconf 86' lang='lat' dir='ltr'>manu</span> 
     </span>
     <span class='ocr_line' id='line_1_3' title="bbox 147 739 1296 826; baseline -0.003 -18"><span class='ocrx_word' id='word_1_11' title='bbox 147 743 260 826; x_wconf 88' lang='lat' dir='ltr'>scripti</span> <span class='ocrx_word' id='word_1_12' title='bbox 289 761 324 806; x_wconf 83' lang='lat' dir='ltr'>ex</span> <span class='ocrx_word' id='word_1_13' title='bbox 351 743 447 825; x_wconf 89' lang='lat' dir='ltr'>paulo</span> <span class='ocrx_word' id='word_1_14' title='bbox 471 741 601 806; x_wconf 90' lang='lat' dir='ltr'>meliore</span> <span class='ocrx_word' id='word_1_15' title='bbox 625 741 795 822; x_wconf 77' lang='lat' dir='ltr'>archetypo</span> <span class='ocrx_word' id='word_1_16' title='bbox 820 740 968 804; x_wconf 89' lang='lat' dir='ltr'>uidentur</span> <span class='ocrx_word' id='word_1_17' title='bbox 992 741 1146 825; x_wconf 85' lang='lat' dir='ltr'>originem</span> <span class='ocrx_word' id='word_1_18' title='bbox 1170 739 1296 806; x_wconf 82' lang='lat' dir='ltr'>duxisse</span> 
     </span>
     <span class='ocr_line' id='line_1_4' title="bbox 148 846 1297 932; baseline -0.003 -19"><span class='ocrx_word' id='word_1_19' title='bbox 148 869 244 932; x_wconf 88' lang='lat' dir='ltr'>quam</span> <span class='ocrx_word' id='word_1_20' title='bbox 268 848 416 913; x_wconf 84' lang='lat' dir='ltr'>undecim</span> <span class='ocrx_word' id='word_1_21' title='bbox 440 846 560 929; x_wconf 83' lang='lat' dir='ltr'>priores</span> <span class='ocrx_word' id='word_1_22' title='bbox 585 851 617 912; x_wconf 89' lang='lat' dir='ltr'>et</span> <span class='ocrx_word' id='word_1_23' title='bbox 641 846 929 912; x_wconf 86' lang='lat' dir='ltr'>duodeuicesimus.</span> <span class='ocrx_word' id='word_1_24' title='bbox 954 846 1075 912; x_wconf 89' lang='lat' dir='ltr'>Neutra</span> <span class='ocrx_word' id='word_1_25' title='bbox 1099 851 1204 912; x_wconf 87' lang='lat' dir='ltr'>tamen</span> <span class='ocrx_word' id='word_1_26' title='bbox 1225 866 1297 930; x_wconf 86' lang='lat' dir='ltr'>pars</span> 
     </span>
     <span class='ocr_line' id='line_1_5' title="bbox 146 937 727 1038; baseline -0.005 -18"><span class='ocrx_word' id='word_1_27' title='bbox 146 957 248 1020; x_wconf 72' lang='lat' dir='ltr'>irrora</span> <span class='ocrx_word' id='word_1_28' title='bbox 272 957 321 1022; x_wconf 79' lang='lat' dir='ltr'>ese</span> <span class='ocrx_word' id='word_1_29' title='bbox 344 955 382 1019; x_wconf 79' lang='lat' dir='ltr'>aa</span> <span class='ocrx_word' id='word_1_30' title='bbox 406 937 727 1038; x_wconf 66' lang='lat' dir='ltr'>ratesponensem.</span> 
     </span>
    </p>

    <p class='ocr_par' dir='ltr' id='par_1_3' title="bbox 146 1055 1342 1358">
     <span class='ocr_line' id='line_1_6' title="bbox 194 1055 1342 1148; baseline -0.007 -22"><span class='ocrx_word' id='word_1_31' title='bbox 194 1062 238 1148; x_wconf 83' lang='grc' dir='ltr'>(Κ</span> <span class='ocrx_word' id='word_1_32' title='bbox 262 1061 392 1144; x_wconf 90' lang='lat' dir='ltr'>Domb.)</span> <span class='ocrx_word' id='word_1_33' title='bbox 422 1060 491 1126; x_wconf 90' lang='lat' dir='ltr'>cod.</span> <span class='ocrx_word' id='word_1_34' title='bbox 521 1060 718 1126; x_wconf 81' lang='lat' dir='ltr'>Coloniensis</span> <span class='ocrx_word' id='word_1_35' title='bbox 749 1063 789 1124; x_wconf 82' lang='lat'>75</span> <span class='ocrx_word' id='word_1_36' title='bbox 819 1061 1028 1146; x_wconf 79' lang='lat' dir='ltr'>(Darmstadt.</span> <span class='ocrx_word' id='word_1_37' title='bbox 1059 1058 1171 1145; x_wconf 88' lang='grc'>2977),</span> <span class='ocrx_word' id='word_1_38' title='bbox 1199 1061 1298 1128; x_wconf 88' lang='lat' dir='ltr'>libros</span> <span class='ocrx_word' id='word_1_39' title='bbox 1322 1055 1342 1118; x_wconf 80' lang='lat' dir='ltr'>lc</span> 
     </span>
     <span class='ocr_line' id='line_1_7' title="bbox 146 1165 1299 1243; baseline -0.003 -9"><span class='ocrx_word' id='word_1_40' title='bbox 146 1169 239 1234; x_wconf 92' lang='lat' dir='ltr'>I-X</span> <span class='ocrx_word' id='word_1_41' title='bbox 265 1168 440 1237; x_wconf 83' lang='lat' dir='ltr'>continens.</span> <span class='ocrx_word' id='word_1_42' title='bbox 465 1167 609 1243; x_wconf 64' lang='lat' dir='ltr'>membr„</span> <span class='ocrx_word' id='word_1_43' title='bbox 633 1185 715 1234; x_wconf 87' lang='lat' dir='ltr'>saec.</span> <span class='ocrx_word' id='word_1_44' title='bbox 740 1167 827 1232; x_wconf 84' lang='lat' dir='ltr'>VIII.</span> <span class='ocrx_word' id='word_1_45' title='bbox 852 1167 946 1232; x_wconf 85' lang='lat' dir='ltr'>‘haud</span> <span class='ocrx_word' id='word_1_46' title='bbox 971 1167 1219 1233; x_wconf 86' lang='lat' dir='ltr'>contemnendus</span> <span class='ocrx_word' id='word_1_47' title='bbox 1243 1165 1299 1232; x_wconf 89' lang='lat' dir='ltr'>sed</span> 
     </span>
     <span class='ocr_line' id='line_1_8' title="bbox 149 1274 988 1358; baseline -0.005 -16"><span class='ocrx_word' id='word_1_48' title='bbox 149 1281 181 1342; x_wconf 87' lang='lat' dir='ltr'>et</span> <span class='ocrx_word' id='word_1_49' title='bbox 205 1277 275 1358; x_wconf 89' lang='lat' dir='ltr'>ipse</span> <span class='ocrx_word' id='word_1_50' title='bbox 299 1274 596 1358; x_wconf 81' lang='lat' dir='ltr'>interpolationibus</span> <span class='ocrx_word' id='word_1_51' title='bbox 621 1275 747 1356; x_wconf 90' lang='lat' dir='ltr'>saepius</span> <span class='ocrx_word' id='word_1_52' title='bbox 772 1276 988 1357; x_wconf 85' lang='lat' dir='ltr'>deprauatus.&#39;</span> 
     </span>
    </p>

    <p class='ocr_par' dir='ltr' id='par_1_4' title="bbox 150 1375 1344 2088">
     <span class='ocr_line' id='line_1_9' title="bbox 194 1375 1344 1466; baseline -0.004 -17"><span class='ocrx_word' id='word_1_53' title='bbox 194 1383 235 1466; x_wconf 72' lang='grc'>(11</span> <span class='ocrx_word' id='word_1_54' title='bbox 260 1379 388 1466; x_wconf 89' lang='lat' dir='ltr'>Domb.)</span> <span class='ocrx_word' id='word_1_55' title='bbox 414 1381 483 1448; x_wconf 88' lang='lat' dir='ltr'>cod.</span> <span class='ocrx_word' id='word_1_56' title='bbox 503 1381 702 1446; x_wconf 78' lang='lat' dir='ltr'>Monacensis</span> <span class='ocrx_word' id='word_1_57' title='bbox 723 1383 819 1459; x_wconf 88' lang='grc'>2532,</span> <span class='ocrx_word' id='word_1_58' title='bbox 845 1382 1002 1464; x_wconf 88' lang='lat' dir='ltr'>quondam</span> <span class='ocrx_word' id='word_1_59' title='bbox 1026 1379 1296 1462; x_wconf 70' lang='lat' dir='ltr'>alderspacensia</span> <span class='ocrx_word' id='word_1_60' title='bbox 1325 1375 1344 1436; x_wconf 83' lang='grc' dir='ltr'><strong>λ</strong></span> 
     </span>
     <span class='ocr_line' id='line_1_10' title="bbox 151 1487 1299 1572; baseline -0.003 -17"><span class='ocrx_word' id='word_1_61' title='bbox 151 1509 260 1556; x_wconf 90' lang='lat' dir='ltr'>omnes</span> <span class='ocrx_word' id='word_1_62' title='bbox 293 1490 392 1554; x_wconf 91' lang='lat' dir='ltr'>libros</span> <span class='ocrx_word' id='word_1_63' title='bbox 425 1489 650 1572; x_wconf 89' lang='lat' dir='ltr'>complectens.</span> <span class='ocrx_word' id='word_1_64' title='bbox 683 1489 827 1570; x_wconf 79' lang='lat' dir='ltr'>membr,</span> <span class='ocrx_word' id='word_1_65' title='bbox 862 1508 945 1554; x_wconf 88' lang='lat' dir='ltr'>saec.</span> <span class='ocrx_word' id='word_1_66' title='bbox 974 1489 1028 1567; x_wconf 88' lang='lat' dir='ltr'>XI,</span> <span class='ocrx_word' id='word_1_67' title='bbox 1057 1487 1229 1571; x_wconf 84' lang='lat' dir='ltr'>‘profectus</span> <span class='ocrx_word' id='word_1_68' title='bbox 1260 1487 1299 1552; x_wconf 87' lang='lat' dir='ltr'>ab</span> 
     </span>
     <span class='ocr_line' id='line_1_11' title="bbox 151 1593 1299 1677; baseline -0.003 -17"><span class='ocrx_word' id='word_1_69' title='bbox 151 1596 324 1677; x_wconf 85' lang='lat' dir='ltr'>exemplari</span> <span class='ocrx_word' id='word_1_70' title='bbox 353 1595 432 1662; x_wconf 79' lang='lat' dir='ltr'>satIs</span> <span class='ocrx_word' id='word_1_71' title='bbox 462 1595 553 1671; x_wconf 85' lang='lat' dir='ltr'>bono,</span> <span class='ocrx_word' id='word_1_72' title='bbox 579 1595 663 1676; x_wconf 90' lang='lat' dir='ltr'>quod</span> <span class='ocrx_word' id='word_1_73' title='bbox 691 1595 855 1661; x_wconf 87' lang='lat' dir='ltr'>codicibus</span> <span class='ocrx_word' id='word_1_74' title='bbox 883 1595 910 1659; x_wconf 88' lang='lat' dir='ltr'><strong>R</strong></span> <span class='ocrx_word' id='word_1_75' title='bbox 934 1598 966 1659; x_wconf 87' lang='lat' dir='ltr'>et</span> <span class='ocrx_word' id='word_1_76' title='bbox 988 1595 1015 1658; x_wconf 85' lang='lat' dir='ltr'>A</span> <span class='ocrx_word' id='word_1_77' title='bbox 1040 1594 1167 1658; x_wconf 88' lang='lat' dir='ltr'>uidetur</span> <span class='ocrx_word' id='word_1_78' title='bbox 1195 1593 1299 1658; x_wconf 90' lang='lat' dir='ltr'>simile</span> 
     </span>
     <span class='ocr_line' id='line_1_12' title="bbox 150 1699 1300 1784; baseline -0.002 -18"><span class='ocrx_word' id='word_1_79' title='bbox 150 1704 263 1778; x_wconf 75' lang='lat' dir='ltr'>fuisse,</span> <span class='ocrx_word' id='word_1_80' title='bbox 289 1702 475 1784; x_wconf 90' lang='lat' dir='ltr'>saepissime</span> <span class='ocrx_word' id='word_1_81' title='bbox 499 1705 604 1766; x_wconf 85' lang='lat' dir='ltr'>tamen</span> <span class='ocrx_word' id='word_1_82' title='bbox 628 1701 666 1765; x_wconf 90' lang='lat' dir='ltr'>ab</span> <span class='ocrx_word' id='word_1_83' title='bbox 691 1701 969 1783; x_wconf 89' lang='lat' dir='ltr'>interpolatoribus</span> <span class='ocrx_word' id='word_1_84' title='bbox 994 1701 1089 1766; x_wconf 87' lang='lat' dir='ltr'>etiam</span> <span class='ocrx_word' id='word_1_85' title='bbox 1117 1699 1300 1765; x_wconf 78' lang='lat' dir='ltr'>recentIoris</span> 
     </span>
     <span class='ocr_line' id='line_1_13' title="bbox 151 1806 1302 1874; baseline -0.003 -2"><span class='ocrx_word' id='word_1_86' title='bbox 151 1809 267 1874; x_wconf 86' lang='lat' dir='ltr'>aetatis</span> <span class='ocrx_word' id='word_1_87' title='bbox 296 1809 378 1873; x_wconf 86' lang='lat' dir='ltr'>male</span> <span class='ocrx_word' id='word_1_88' title='bbox 408 1809 536 1873; x_wconf 88' lang='lat' dir='ltr'>habitus</span> <span class='ocrx_word' id='word_1_89' title='bbox 566 1810 634 1874; x_wconf 89' lang='lat' dir='ltr'>est’.</span> <span class='ocrx_word' id='word_1_90' title='bbox 672 1808 838 1873; x_wconf 86' lang='lat' dir='ltr'>Lectiones</span> <span class='ocrx_word' id='word_1_91' title='bbox 867 1808 964 1873; x_wconf 86' lang='lat' dir='ltr'>huius</span> <span class='ocrx_word' id='word_1_92' title='bbox 996 1807 1114 1873; x_wconf 88' lang='lat' dir='ltr'>codicis</span> <span class='ocrx_word' id='word_1_93' title='bbox 1146 1806 1302 1871; x_wconf 88' lang='lat' dir='ltr'>Dombart</span> 
     </span>
     <span class='ocr_line' id='line_1_14' title="bbox 151 1913 1300 2000; baseline -0.001 -21"><span class='ocrx_word' id='word_1_94' title='bbox 151 1917 183 1980; x_wconf 91' lang='lat' dir='ltr'>in</span> <span class='ocrx_word' id='word_1_95' title='bbox 213 1917 316 2000; x_wconf 93' lang='lat' dir='ltr'>primo</span> <span class='ocrx_word' id='word_1_96' title='bbox 345 1915 508 1980; x_wconf 90' lang='lat' dir='ltr'>uolumine</span> <span class='ocrx_word' id='word_1_97' title='bbox 536 1915 650 1992; x_wconf 84' lang='lat' dir='ltr'>nullas,</span> <span class='ocrx_word' id='word_1_98' title='bbox 674 1915 705 1979; x_wconf 93' lang='lat' dir='ltr'>in</span> <span class='ocrx_word' id='word_1_99' title='bbox 735 1916 833 1980; x_wconf 88' lang='lat' dir='ltr'>altaro</span> <span class='ocrx_word' id='word_1_100' title='bbox 857 1915 981 1980; x_wconf 88' lang='lat' dir='ltr'>nonnisi</span> <span class='ocrx_word' id='word_1_101' title='bbox 1006 1915 1045 1980; x_wconf 91' lang='lat' dir='ltr'>ad</span> <span class='ocrx_word' id='word_1_102' title='bbox 1068 1915 1191 1998; x_wconf 86' lang='lat' dir='ltr'>aliquot</span> <span class='ocrx_word' id='word_1_103' title='bbox 1213 1913 1300 1978; x_wconf 92' lang='lat' dir='ltr'>locos</span> 
     </span>
     <span class='ocr_line' id='line_1_15' title="bbox 151 2022 718 2088; baseline -0.002 0"><span class='ocrx_word' id='word_1_104' title='bbox 151 2025 172 2088; x_wconf 95' lang='lat' dir='ltr'>l.</span> <span class='ocrx_word' id='word_1_105' title='bbox 197 2023 284 2088; x_wconf 89' lang='lat' dir='ltr'>XVI.</span> <span class='ocrx_word' id='word_1_106' title='bbox 307 2022 438 2087; x_wconf 86' lang='lat' dir='ltr'>XVIIII.</span> <span class='ocrx_word' id='word_1_107' title='bbox 463 2022 522 2086; x_wconf 87' lang='lat' dir='ltr'>XX</span> <span class='ocrx_word' id='word_1_108' title='bbox 546 2023 718 2088; x_wconf 86' lang='lat' dir='ltr'>adnotauit.</span> 
     </span>
    </p>

    <p class='ocr_par' dir='ltr' id='par_1_5' title="bbox 152 2125 1345 2850">
     <span class='ocr_line' id='line_1_16' title="bbox 197 2125 1345 2214; baseline -0.002 -20"><span class='ocrx_word' id='word_1_109' title='bbox 197 2129 241 2214; x_wconf 82' lang='lat' dir='ltr'>(lt</span> <span class='ocrx_word' id='word_1_110' title='bbox 268 2125 398 2212; x_wconf 90' lang='lat' dir='ltr'>Domb.)</span> <span class='ocrx_word' id='word_1_111' title='bbox 428 2128 496 2194; x_wconf 92' lang='lat' dir='ltr'>cod.</span> <span class='ocrx_word' id='word_1_112' title='bbox 525 2129 724 2194; x_wconf 83' lang='lat' dir='ltr'>Monacensis</span> <span class='ocrx_word' id='word_1_113' title='bbox 757 2131 855 2206; x_wconf 95' lang='grc'>6259,</span> <span class='ocrx_word' id='word_1_114' title='bbox 890 2129 1047 2211; x_wconf 89' lang='lat' dir='ltr'>quondam</span> <span class='ocrx_word' id='word_1_115' title='bbox 1075 2125 1300 2210; x_wconf 83' lang='lat' dir='ltr'>Frisingensis,</span> <span class='ocrx_word' id='word_1_116' title='bbox 1329 2143 1345 2206; x_wconf 82' lang='grc' dir='ltr'>ρ</span> 
     </span>
     <span class='ocr_line' id='line_1_17' title="bbox 152 2233 1297 2312; baseline -0.002 -12"><span class='ocrx_word' id='word_1_117' title='bbox 152 2237 252 2302; x_wconf 90' lang='lat' dir='ltr'>libros</span> <span class='ocrx_word' id='word_1_118' title='bbox 276 2235 473 2300; x_wconf 92' lang='lat' dir='ltr'>XV—XXII</span> <span class='ocrx_word' id='word_1_119' title='bbox 497 2236 670 2312; x_wconf 88' lang='lat' dir='ltr'>continens,</span> <span class='ocrx_word' id='word_1_120' title='bbox 693 2237 836 2300; x_wconf 85' lang='lat' dir='ltr'>membr..</span> <span class='ocrx_word' id='word_1_121' title='bbox 861 2254 941 2301; x_wconf 89' lang='lat' dir='ltr'>saec.</span> <span class='ocrx_word' id='word_1_122' title='bbox 964 2236 993 2300; x_wconf 92' lang='lat' dir='ltr'>X</span> <span class='ocrx_word' id='word_1_123' title='bbox 1017 2235 1166 2301; x_wconf 85' lang='lat' dir='ltr'>ineuntis.</span> <span class='ocrx_word' id='word_1_124' title='bbox 1203 2233 1297 2298; x_wconf 88' lang='lat' dir='ltr'>Hunc</span> 
     </span>
     <span class='ocr_line' id='line_1_18' title="bbox 155 2340 1296 2426; baseline -0.004 -20"><span class='ocrx_word' id='word_1_125' title='bbox 155 2343 296 2407; x_wconf 85' lang='lat' dir='ltr'>codicem</span> <span class='ocrx_word' id='word_1_126' title='bbox 331 2346 441 2424; x_wconf 90' lang='lat' dir='ltr'>utpote</span> <span class='ocrx_word' id='word_1_127' title='bbox 474 2342 648 2425; x_wconf 79' lang='lat' dir='ltr'>scripturae</span> <span class='ocrx_word' id='word_1_128' title='bbox 681 2343 861 2408; x_wconf 88' lang='lat' dir='ltr'>siuceritate</span> <span class='ocrx_word' id='word_1_129' title='bbox 894 2341 1051 2426; x_wconf 85' lang='lat' dir='ltr'>insignem</span> <span class='ocrx_word' id='word_1_130' title='bbox 1081 2340 1236 2406; x_wconf 87' lang='lat' dir='ltr'>Dombart</span> <span class='ocrx_word' id='word_1_131' title='bbox 1266 2340 1296 2402; x_wconf 89' lang='grc'>16</span> 
     </span>
     <span class='ocr_line' id='line_1_19' title="bbox 154 2447 1298 2532; baseline -0.003 -19"><span class='ocrx_word' id='word_1_132' title='bbox 154 2451 245 2515; x_wconf 90' lang='lat' dir='ltr'>libris</span> <span class='ocrx_word' id='word_1_133' title='bbox 278 2448 338 2514; x_wconf 88' lang='lat' dir='ltr'>XV</span> <span class='ocrx_word' id='word_1_134' title='bbox 371 2454 403 2514; x_wconf 90' lang='lat' dir='ltr'>et</span> <span class='ocrx_word' id='word_1_135' title='bbox 434 2449 508 2514; x_wconf 88' lang='lat' dir='ltr'>XVI</span> <span class='ocrx_word' id='word_1_136' title='bbox 542 2449 714 2514; x_wconf 86' lang='lat' dir='ltr'>Veronensi</span> <span class='ocrx_word' id='word_1_137' title='bbox 748 2451 938 2514; x_wconf 88' lang='lat' dir='ltr'>auctoritate</span> <span class='ocrx_word' id='word_1_138' title='bbox 970 2469 1068 2532; x_wconf 88' lang='lat' dir='ltr'>paene</span> <span class='ocrx_word' id='word_1_139' title='bbox 1102 2447 1298 2531; x_wconf 87' lang='lat' dir='ltr'>aequandum</span> 
     </span>
     <span class='ocr_line' id='line_1_20' title="bbox 154 2555 1300 2639; baseline -0.003 -19"><span class='ocrx_word' id='word_1_140' title='bbox 154 2557 289 2638; x_wconf 90' lang='lat' dir='ltr'>ideoque</span> <span class='ocrx_word' id='word_1_141' title='bbox 323 2556 455 2638; x_wconf 90' lang='lat' dir='ltr'>dignum</span> <span class='ocrx_word' id='word_1_142' title='bbox 487 2575 558 2620; x_wconf 90' lang='lat' dir='ltr'>esse</span> <span class='ocrx_word' id='word_1_143' title='bbox 592 2556 735 2633; x_wconf 61' lang='lat' dir='ltr'>censuit</span> <span class='ocrx_word' id='word_1_144' title='bbox 754 2576 847 2639; x_wconf 91' lang='lat' dir='ltr'>quem</span> <span class='ocrx_word' id='word_1_145' title='bbox 877 2557 907 2619; x_wconf 93' lang='lat' dir='ltr'>in</span> <span class='ocrx_word' id='word_1_146' title='bbox 937 2556 1060 2620; x_wconf 88' lang='lat' dir='ltr'>ultimis</span> <span class='ocrx_word' id='word_1_147' title='bbox 1091 2555 1181 2620; x_wconf 91' lang='lat' dir='ltr'>libris</span> <span class='ocrx_word' id='word_1_148' title='bbox 1213 2573 1300 2637; x_wconf 86' lang='lat' dir='ltr'>pree·</span> 
     </span>
     <span class='ocr_line' id='line_1_21' title="bbox 155 2662 1302 2746; baseline -0.003 -20"><span class='ocrx_word' id='word_1_149' title='bbox 155 2663 247 2746; x_wconf 85' lang='lat' dir='ltr'>cipue</span> <span class='ocrx_word' id='word_1_150' title='bbox 277 2662 390 2727; x_wconf 90' lang='lat' dir='ltr'>ducem</span> <span class='ocrx_word' id='word_1_151' title='bbox 420 2665 615 2745; x_wconf 88' lang='lat' dir='ltr'>sequeretur.</span> <span class='ocrx_word' id='word_1_152' title='bbox 649 2662 695 2726; x_wconf 88' lang='lat' dir='ltr'>De</span> <span class='ocrx_word' id='word_1_153' title='bbox 725 2663 784 2726; x_wconf 92' lang='lat' dir='ltr'>hoc</span> <span class='ocrx_word' id='word_1_154' title='bbox 813 2663 921 2728; x_wconf 88' lang='lat' dir='ltr'>codice</span> <span class='ocrx_word' id='word_1_155' title='bbox 948 2663 980 2726; x_wconf 92' lang='lat' dir='ltr'>in</span> <span class='ocrx_word' id='word_1_156' title='bbox 1010 2663 1107 2728; x_wconf 85' lang='lat' dir='ltr'>altero</span> <span class='ocrx_word' id='word_1_157' title='bbox 1138 2662 1302 2726; x_wconf 89' lang='lat' dir='ltr'>uolumine</span> 
     </span>
     <span class='ocr_line' id='line_1_22' title="bbox 155 2768 786 2850; baseline 0.002 -18"><span class='ocrx_word' id='word_1_158' title='bbox 155 2768 336 2833; x_wconf 78' lang='lat' dir='ltr'>accuratius</span> <span class='ocrx_word' id='word_1_159' title='bbox 360 2768 440 2832; x_wconf 90' lang='lat' dir='ltr'>mihi</span> <span class='ocrx_word' id='word_1_160' title='bbox 464 2769 693 2850; x_wconf 89' lang='lat' dir='ltr'>disputandum</span> <span class='ocrx_word' id='word_1_161' title='bbox 718 2771 786 2834; x_wconf 91' lang='lat' dir='ltr'>erit.</span> 
     </span>
    </p>

    <p class='ocr_par' dir='ltr' id='par_1_6' title="bbox 154 2873 1338 3813">
     <span class='ocr_line' id='line_1_23' title="bbox 202 2873 1302 2962; baseline -0.001 -23"><span class='ocrx_word' id='word_1_162' title='bbox 202 2875 247 2939; x_wconf 92' lang='lat' dir='ltr'>De</span> <span class='ocrx_word' id='word_1_163' title='bbox 278 2873 386 2940; x_wconf 88' lang='lat' dir='ltr'>codice</span> <span class='ocrx_word' id='word_1_164' title='bbox 410 2897 431 2938; x_wconf 85' lang='lat' dir='ltr'>a</span> <span class='ocrx_word' id='word_1_165' title='bbox 455 2873 509 2962; x_wconf 80' lang='lat' dir='ltr'>(A)</span> <span class='ocrx_word' id='word_1_166' title='bbox 533 2876 585 2941; x_wconf 92' lang='lat' dir='ltr'>hic</span> <span class='ocrx_word' id='word_1_167' title='bbox 613 2881 737 2940; x_wconf 87' lang='lat' dir='ltr'>tautum</span> <span class='ocrx_word' id='word_1_168' title='bbox 767 2877 953 2952; x_wconf 81' lang='lat' dir='ltr'>monuerim,</span> <span class='ocrx_word' id='word_1_169' title='bbox 978 2895 1050 2942; x_wconf 90' lang='lat' dir='ltr'>eum</span> <span class='ocrx_word' id='word_1_170' title='bbox 1080 2874 1140 2940; x_wconf 86' lang='lat' dir='ltr'>etsi</span> <span class='ocrx_word' id='word_1_171' title='bbox 1171 2874 1302 2956; x_wconf 87' lang='lat' dir='ltr'>reliquie</span> 
     </span>
     <span class='ocr_line' id='line_1_24' title="bbox 154 2981 1338 3065; baseline 0.003 -21"><span class='ocrx_word' id='word_1_172' title='bbox 154 2983 245 3047; x_wconf 89' lang='lat' dir='ltr'>libris</span> <span class='ocrx_word' id='word_1_173' title='bbox 281 2981 488 3047; x_wconf 89' lang='lat' dir='ltr'>deterioribus</span> <span class='ocrx_word' id='word_1_174' title='bbox 521 2985 671 3065; x_wconf 84' lang='lat' dir='ltr'>praestet.</span> <span class='ocrx_word' id='word_1_175' title='bbox 703 2982 914 3048; x_wconf 87' lang='lat' dir='ltr'>crebrioribus</span> <span class='ocrx_word' id='word_1_176' title='bbox 948 2987 1053 3047; x_wconf 88' lang='lat' dir='ltr'>tamen</span> <span class='ocrx_word' id='word_1_177' title='bbox 1087 2981 1302 3064; x_wconf 89' lang='lat' dir='ltr'>interpolatio·</span> <span class='ocrx_word' id='word_1_178' title='bbox 1336 2989 1338 2994; x_wconf 87' lang='grc'><strong>’</strong></span> 
     </span>
     <span class='ocr_line' id='line_1_25' title="bbox 155 3089 1302 3172; baseline 0 -20"><span class='ocrx_word' id='word_1_179' title='bbox 155 3090 249 3154; x_wconf 90' lang='lat' dir='ltr'>nibus</span> <span class='ocrx_word' id='word_1_180' title='bbox 274 3089 426 3164; x_wconf 85' lang='lat' dir='ltr'>laborare,</span> <span class='ocrx_word' id='word_1_181' title='bbox 447 3109 541 3172; x_wconf 90' lang='lat' dir='ltr'>quam</span> <span class='ocrx_word' id='word_1_182' title='bbox 566 3110 601 3154; x_wconf 85' lang='lat' dir='ltr'>ex</span> <span class='ocrx_word' id='word_1_183' title='bbox 623 3090 785 3156; x_wconf 88' lang='lat' dir='ltr'>Dombarti</span> <span class='ocrx_word' id='word_1_184' title='bbox 810 3090 915 3154; x_wconf 87' lang='lat' dir='ltr'>uerbis</span> <span class='ocrx_word' id='word_1_185' title='bbox 934 3091 1114 3154; x_wconf 88' lang='lat' dir='ltr'>concludas.</span> <span class='ocrx_word' id='word_1_186' title='bbox 1139 3089 1178 3153; x_wconf 83' lang='lat' dir='ltr'>cf.</span> <span class='ocrx_word' id='word_1_187' title='bbox 1198 3109 1228 3171; x_wconf 91' lang='lat' dir='ltr'>p.</span> <span class='ocrx_word' id='word_1_188' title='bbox 1251 3091 1302 3162; x_wconf 90' lang='grc'>11,</span> 
     </span>
     <span class='ocr_line' id='line_1_26' title="bbox 156 3195 1302 3272; baseline 0 -12"><span class='ocrx_word' id='word_1_189' title='bbox 156 3197 187 3260; x_wconf 92' lang='grc'>7.</span> <span class='ocrx_word' id='word_1_190' title='bbox 214 3197 266 3272; x_wconf 83' lang='grc'>19,</span> <span class='ocrx_word' id='word_1_191' title='bbox 292 3195 323 3258; x_wconf 91' lang='grc'>6.</span> <span class='ocrx_word' id='word_1_192' title='bbox 348 3195 401 3271; x_wconf 88' lang='grc'>35,</span> <span class='ocrx_word' id='word_1_193' title='bbox 428 3195 478 3258; x_wconf 91' lang='grc'>17.</span> <span class='ocrx_word' id='word_1_194' title='bbox 505 3197 558 3270; x_wconf 89' lang='grc'>38,</span> <span class='ocrx_word' id='word_1_195' title='bbox 583 3197 635 3259; x_wconf 91' lang='grc'>25.</span> <span class='ocrx_word' id='word_1_196' title='bbox 661 3196 712 3268; x_wconf 90' lang='grc'>48,</span> <span class='ocrx_word' id='word_1_197' title='bbox 740 3197 768 3258; x_wconf 94' lang='grc'>1.</span> <span class='ocrx_word' id='word_1_198' title='bbox 795 3199 846 3270; x_wconf 90' lang='grc'>55,</span> <span class='ocrx_word' id='word_1_199' title='bbox 870 3199 920 3259; x_wconf 90' lang='grc'>12.</span> <span class='ocrx_word' id='word_1_200' title='bbox 945 3196 998 3272; x_wconf 87' lang='grc'>88,</span> <span class='ocrx_word' id='word_1_201' title='bbox 1020 3197 1049 3259; x_wconf 95' lang='grc'>6.</span> <span class='ocrx_word' id='word_1_202' title='bbox 1078 3195 1150 3271; x_wconf 83' lang='grc'>138,</span> <span class='ocrx_word' id='word_1_203' title='bbox 1172 3196 1201 3258; x_wconf 93' lang='grc'>1.</span> <span class='ocrx_word' id='word_1_204' title='bbox 1227 3195 1302 3268; x_wconf 86' lang='grc'>201,</span> 
     </span>
     <span class='ocr_line' id='line_1_27' title="bbox 156 3299 1303 3382; baseline 0 -16"><span class='ocrx_word' id='word_1_205' title='bbox 156 3303 208 3366; x_wconf 92' lang='grc'>28.</span> <span class='ocrx_word' id='word_1_206' title='bbox 235 3305 312 3378; x_wconf 92' lang='grc'>252,</span> <span class='ocrx_word' id='word_1_207' title='bbox 339 3303 390 3366; x_wconf 91' lang='grc'>17.</span> <span class='ocrx_word' id='word_1_208' title='bbox 417 3303 492 3380; x_wconf 88' lang='grc'>263,</span> <span class='ocrx_word' id='word_1_209' title='bbox 517 3305 549 3368; x_wconf 88' lang='grc'>5.</span> <span class='ocrx_word' id='word_1_210' title='bbox 574 3303 648 3382; x_wconf 88' lang='grc'>275,</span> <span class='ocrx_word' id='word_1_211' title='bbox 673 3304 723 3366; x_wconf 92' lang='grc'>27.</span> <span class='ocrx_word' id='word_1_212' title='bbox 750 3303 825 3376; x_wconf 88' lang='grc'>283,</span> <span class='ocrx_word' id='word_1_213' title='bbox 851 3305 880 3366; x_wconf 92' lang='grc'>3.</span> <span class='ocrx_word' id='word_1_214' title='bbox 910 3304 986 3380; x_wconf 89' lang='grc'>445,</span> <span class='ocrx_word' id='word_1_215' title='bbox 1013 3305 1053 3366; x_wconf 88' lang='grc'>10</span> <span class='ocrx_word' id='word_1_216' title='bbox 1078 3305 1152 3366; x_wconf 90' lang='lat' dir='ltr'>cett.</span> <span class='ocrx_word' id='word_1_217' title='bbox 1191 3299 1225 3366; x_wconf 86' lang='lat' dir='ltr'>Si</span> <span class='ocrx_word' id='word_1_218' title='bbox 1254 3319 1303 3366; x_wconf 90' lang='lat' dir='ltr'>co·</span> 
     </span>
     <span class='ocr_line' id='line_1_28' title="bbox 154 3407 1303 3491; baseline -0.003 -17"><span class='ocrx_word' id='word_1_219' title='bbox 154 3409 242 3474; x_wconf 89' lang='lat' dir='ltr'>dices</span> <span class='ocrx_word' id='word_1_220' title='bbox 277 3431 298 3472; x_wconf 91' lang='grc' dir='ltr'><strong><em>α</em></strong></span> <span class='ocrx_word' id='word_1_221' title='bbox 330 3411 362 3472; x_wconf 89' lang='lat' dir='ltr'>et</span> <span class='ocrx_word' id='word_1_222' title='bbox 388 3429 414 3488; x_wconf 79' lang='lat' dir='ltr'>p</span> <span class='ocrx_word' id='word_1_223' title='bbox 446 3407 528 3472; x_wconf 87' lang='lat' dir='ltr'>inter</span> <span class='ocrx_word' id='word_1_224' title='bbox 564 3426 598 3472; x_wconf 89' lang='lat' dir='ltr'>se</span> <span class='ocrx_word' id='word_1_225' title='bbox 632 3411 861 3491; x_wconf 87' lang='lat' dir='ltr'>comparantur,</span> <span class='ocrx_word' id='word_1_226' title='bbox 895 3408 1043 3472; x_wconf 92' lang='lat' dir='ltr'>maiorem</span> <span class='ocrx_word' id='word_1_227' title='bbox 1082 3407 1303 3471; x_wconf 87' lang='lat' dir='ltr'>auctoritatem</span> 
     </span>
     <span class='ocr_line' id='line_1_29' title="bbox 155 3511 1303 3598; baseline -0.003 -18"><span class='ocrx_word' id='word_1_228' title='bbox 155 3515 259 3580; x_wconf 91' lang='lat' dir='ltr'>codici</span> <span class='ocrx_word' id='word_1_229' title='bbox 283 3515 438 3580; x_wconf 90' lang='lat' dir='ltr'>Patauino</span> <span class='ocrx_word' id='word_1_230' title='bbox 467 3533 538 3580; x_wconf 87' lang='lat' dir='ltr'>esse</span> <span class='ocrx_word' id='word_1_231' title='bbox 566 3514 777 3592; x_wconf 85' lang='lat' dir='ltr'>tribuendam,</span> <span class='ocrx_word' id='word_1_232' title='bbox 800 3514 873 3578; x_wconf 90' lang='lat' dir='ltr'>iude</span> <span class='ocrx_word' id='word_1_233' title='bbox 901 3515 1006 3597; x_wconf 88' lang='lat' dir='ltr'>possis</span> <span class='ocrx_word' id='word_1_234' title='bbox 1035 3514 1195 3598; x_wconf 86' lang='lat' dir='ltr'>colligere,</span> <span class='ocrx_word' id='word_1_235' title='bbox 1219 3511 1303 3594; x_wconf 90' lang='lat' dir='ltr'>quod</span> 
     </span>
     <span class='ocr_line' id='line_1_30' title="bbox 155 3619 1303 3707; baseline -0.002 -21"><span class='ocrx_word' id='word_1_236' title='bbox 155 3624 187 3686; x_wconf 94' lang='lat' dir='ltr'>in</span> <span class='ocrx_word' id='word_1_237' title='bbox 218 3622 358 3706; x_wconf 87' lang='lat' dir='ltr'>quinqua</span> <span class='ocrx_word' id='word_1_238' title='bbox 386 3621 543 3704; x_wconf 84' lang='lat' dir='ltr'>prioribus</span> <span class='ocrx_word' id='word_1_239' title='bbox 571 3621 662 3686; x_wconf 91' lang='lat' dir='ltr'>libris</span> <span class='ocrx_word' id='word_1_240' title='bbox 691 3621 746 3686; x_wconf 91' lang='lat' dir='ltr'>ubi</span> <span class='ocrx_word' id='word_1_241' title='bbox 770 3622 795 3687; x_wconf 83' lang='lat' dir='ltr'>L</span> <span class='ocrx_word' id='word_1_242' title='bbox 818 3620 889 3707; x_wconf 81' lang='grc' dir='ltr'>(Α),</span> <span class='ocrx_word' id='word_1_243' title='bbox 919 3641 937 3686; x_wconf 87' lang='lat' dir='ltr'>a</span> <span class='ocrx_word' id='word_1_244' title='bbox 964 3625 1052 3686; x_wconf 81' lang='lat' dir='ltr'>textu</span> <span class='ocrx_word' id='word_1_245' title='bbox 1076 3619 1303 3684; x_wconf 90' lang='lat' dir='ltr'>Dombartiano</span> 
     </span>
     <span class='ocr_line' id='line_1_31' title="bbox 157 3727 1302 3813; baseline -0.003 -21"><span class='ocrx_word' id='word_1_246' title='bbox 157 3729 272 3806; x_wconf 80' lang='lat' dir='ltr'>differt,</span> <span class='ocrx_word' id='word_1_247' title='bbox 297 3751 318 3792; x_wconf 90' lang='grc' dir='ltr'><strong><em>α</em></strong></span> <span class='ocrx_word' id='word_1_248' title='bbox 340 3748 401 3792; x_wconf 88' lang='grc'>666</span> <span class='ocrx_word' id='word_1_249' title='bbox 425 3728 487 3792; x_wconf 89' lang='lat' dir='ltr'>nisi</span> <span class='ocrx_word' id='word_1_250' title='bbox 512 3729 630 3811; x_wconf 89' lang='lat' dir='ltr'>septies</span> <span class='ocrx_word' id='word_1_251' title='bbox 653 3729 720 3813; x_wconf 92' lang='grc'>(25,</span> <span class='ocrx_word' id='word_1_252' title='bbox 740 3729 792 3794; x_wconf 88' lang='grc'>23.</span> <span class='ocrx_word' id='word_1_253' title='bbox 818 3731 873 3804; x_wconf 88' lang='grc'>42,</span> <span class='ocrx_word' id='word_1_254' title='bbox 893 3730 945 3793; x_wconf 91' lang='grc'>26.</span> <span class='ocrx_word' id='word_1_255' title='bbox 970 3729 1022 3804; x_wconf 87' lang='grc'>45,</span> <span class='ocrx_word' id='word_1_256' title='bbox 1043 3731 1073 3794; x_wconf 91' lang='grc'>5.</span> <span class='ocrx_word' id='word_1_257' title='bbox 1099 3730 1151 3804; x_wconf 92' lang='grc'>55,</span> <span class='ocrx_word' id='word_1_258' title='bbox 1174 3729 1224 3791; x_wconf 89' lang='grc'>19.</span> <span class='ocrx_word' id='word_1_259' title='bbox 1250 3727 1302 3803; x_wconf 87' lang='grc'>93,</span> 
     </span>
    </p>
   </div>
   <div class='ocr_carea' id='block_1_3' title="bbox 154 3832 1306 4454">
    <p class='ocr_par' dir='ltr' id='par_1_7' title="bbox 154 3832 1304 4026">
     <span class='ocr_line' id='line_1_32' title="bbox 157 3832 1304 3920; baseline -0.003 -20"><span class='ocrx_word' id='word_1_260' title='bbox 157 3841 188 3900; x_wconf 88' lang='grc'>5.</span> <span class='ocrx_word' id='word_1_261' title='bbox 214 3838 267 3913; x_wconf 90' lang='grc'>99,</span> <span class='ocrx_word' id='word_1_262' title='bbox 293 3839 321 3902; x_wconf 91' lang='grc'>6.</span> <span class='ocrx_word' id='word_1_263' title='bbox 348 3836 421 3914; x_wconf 89' lang='grc'>179,</span> <span class='ocrx_word' id='word_1_264' title='bbox 447 3836 535 3920; x_wconf 71' lang='grc'>2),6</span> <span class='ocrx_word' id='word_1_265' title='bbox 559 3855 633 3900; x_wconf 90' lang='lat' dir='ltr'>uero</span> <span class='ocrx_word' id='word_1_266' title='bbox 663 3835 866 3920; x_wconf 80' lang='lat' dir='ltr'>septuaginta</span> <span class='ocrx_word' id='word_1_267' title='bbox 893 3835 972 3900; x_wconf 92' lang='lat' dir='ltr'>Iocis</span> <span class='ocrx_word' id='word_1_268' title='bbox 998 3853 1069 3899; x_wconf 91' lang='lat' dir='ltr'>cnm</span> <span class='ocrx_word' id='word_1_269' title='bbox 1095 3837 1223 3900; x_wconf 88' lang='lat' dir='ltr'>uetusto</span> <span class='ocrx_word' id='word_1_270' title='bbox 1248 3832 1304 3896; x_wconf 90' lang='lat' dir='ltr'>illo</span> 
     </span>
     <span class='ocr_line' id='line_1_33' title="bbox 154 3943 435 4026; baseline -0.004 -19"><span class='ocrx_word' id='word_1_271' title='bbox 154 3943 236 4007; x_wconf 92' lang='lat' dir='ltr'>libro</span> <span class='ocrx_word' id='word_1_272' title='bbox 263 3943 435 4026; x_wconf 89' lang='lat' dir='ltr'>conspirat.</span> 
     </span>
    </p>

    <p class='ocr_par' dir='ltr' id='par_1_8' title="bbox 158 4043 1306 4454">
     <span class='ocr_line' id='line_1_34' title="bbox 202 4043 1305 4132; baseline -0.007 -18"><span class='ocrx_word' id='word_1_273' title='bbox 202 4049 308 4114; x_wconf 89' lang='lat' dir='ltr'>Nimis</span> <span class='ocrx_word' id='word_1_274' title='bbox 336 4049 422 4113; x_wconf 89' lang='lat' dir='ltr'>haud</span> <span class='ocrx_word' id='word_1_275' title='bbox 451 4049 545 4114; x_wconf 87' lang='lat' dir='ltr'>dubie</span> <span class='ocrx_word' id='word_1_276' title='bbox 568 4050 705 4115; x_wconf 89' lang='lat' dir='ltr'>lectitati</span> <span class='ocrx_word' id='word_1_277' title='bbox 729 4053 761 4114; x_wconf 91' lang='lat' dir='ltr'>et</span> <span class='ocrx_word' id='word_1_278' title='bbox 785 4049 934 4132; x_wconf 85' lang='lat' dir='ltr'>descripti</span> <span class='ocrx_word' id='word_1_279' title='bbox 959 4052 1034 4112; x_wconf 88' lang='lat' dir='ltr'>sunt</span> <span class='ocrx_word' id='word_1_280' title='bbox 1056 4047 1129 4110; x_wconf 92' lang='lat' dir='ltr'>libri</span> <span class='ocrx_word' id='word_1_281' title='bbox 1152 4046 1191 4108; x_wconf 86' lang='lat' dir='ltr'>dc</span> <span class='ocrx_word' id='word_1_282' title='bbox 1218 4043 1305 4108; x_wconf 79' lang='lat' dir='ltr'>Uirri-</span> 
     </span>
     <span class='ocr_line' id='line_1_35' title="bbox 158 4153 1303 4240; baseline -0.003 -22"><span class='ocrx_word' id='word_1_283' title='bbox 158 4159 219 4220; x_wconf 81' lang='lat' dir='ltr'>totc</span> <span class='ocrx_word' id='word_1_284' title='bbox 239 4155 312 4234; x_wconf 84' lang='lat' dir='ltr'>Dei,</span> <span class='ocrx_word' id='word_1_285' title='bbox 333 4175 427 4238; x_wconf 92' lang='lat' dir='ltr'>quam</span> <span class='ocrx_word' id='word_1_286' title='bbox 448 4161 485 4221; x_wconf 93' lang='lat' dir='ltr'>ut</span> <span class='ocrx_word' id='word_1_287' title='bbox 504 4157 677 4239; x_wconf 86' lang='lat' dir='ltr'>genuinum</span> <span class='ocrx_word' id='word_1_288' title='bbox 698 4175 824 4221; x_wconf 86' lang='lat' dir='ltr'>scrrrare</span> <span class='ocrx_word' id='word_1_289' title='bbox 844 4154 1007 4240; x_wconf 90' lang='lat' dir='ltr'>potuerint</span> <span class='ocrx_word' id='word_1_290' title='bbox 1025 4153 1180 4218; x_wconf 84' lang='lat' dir='ltr'>habitum.</span> <span class='ocrx_word' id='word_1_291' title='bbox 1202 4153 1303 4216; x_wconf 79' lang='lat' dir='ltr'>Etiam</span> 
     </span>
     <span class='ocr_line' id='line_1_36' title="bbox 161 4259 1305 4345; baseline -0.004 -18"><span class='ocrx_word' id='word_1_292' title='bbox 161 4267 307 4330; x_wconf 85' lang='lat' dir='ltr'>uetustos</span> <span class='ocrx_word' id='word_1_293' title='bbox 336 4263 408 4328; x_wconf 92' lang='lat' dir='ltr'>illos</span> <span class='ocrx_word' id='word_1_294' title='bbox 434 4263 559 4328; x_wconf 88' lang='lat' dir='ltr'>codices</span> <span class='ocrx_word' id='word_1_295' title='bbox 585 4263 647 4330; x_wconf 82' lang='lat' dir='ltr'>CV</span> <span class='ocrx_word' id='word_1_296' title='bbox 670 4284 730 4329; x_wconf 94' lang='lat' dir='ltr'>non</span> <span class='ocrx_word' id='word_1_297' title='bbox 754 4265 846 4345; x_wconf 90' lang='lat' dir='ltr'>plane</span> <span class='ocrx_word' id='word_1_298' title='bbox 870 4259 1166 4344; x_wconf 89' lang='lat' dir='ltr'>interpolationibus</span> <span class='ocrx_word' id='word_1_299' title='bbox 1191 4278 1305 4336; x_wconf 76' lang='lat' dir='ltr'>carere,</span> 
     </span>
     <span class='ocr_line' id='line_1_37' title="bbox 161 4365 1306 4454; baseline -0.004 -21"><span class='ocrx_word' id='word_1_300' title='bbox 161 4370 222 4434; x_wconf 88' lang='lat' dir='ltr'>iam</span> <span class='ocrx_word' id='word_1_301' title='bbox 247 4388 344 4452; x_wconf 85' lang='lat' dir='ltr'>supra</span> <span class='ocrx_word' id='word_1_302' title='bbox 362 4369 481 4434; x_wconf 92' lang='lat' dir='ltr'>monui.</span> <span class='ocrx_word' id='word_1_303' title='bbox 507 4369 698 4452; x_wconf 82' lang='lat' dir='ltr'>Temporum</span> <span class='ocrx_word' id='word_1_304' title='bbox 719 4369 855 4435; x_wconf 90' lang='lat' dir='ltr'>decursu</span> <span class='ocrx_word' id='word_1_305' title='bbox 875 4367 1047 4454; x_wconf 87' lang='lat' dir='ltr'>apographi</span> <span class='ocrx_word' id='word_1_306' title='bbox 1067 4366 1169 4451; x_wconf 87' lang='lat' dir='ltr'>magis</span> <span class='ocrx_word' id='word_1_307' title='bbox 1189 4365 1306 4448; x_wconf 87' lang='lat' dir='ltr'>magis·</span> 
     </span>
    </p>
   </div>
   <div class='ocr_carea' id='block_1_4' title="bbox 190 4486 1268 4560">
    <p class='ocr_par' dir='ltr' id='par_1_9' title="bbox 190 4486 1268 4560">
     <span class='ocr_line' id='line_1_38' title="bbox 190 4486 1268 4560; baseline -0.009 -10"><span class='ocrx_word' id='word_1_308' title='bbox 190 4512 265 4552; x_wconf 79' lang='lat' dir='ltr'>xxxx</span> <span class='ocrx_word' id='word_1_309' title='bbox 281 4511 342 4559; x_wconf 64' lang='lat' dir='ltr'>Aug.</span> <span class='ocrx_word' id='word_1_310' title='bbox 357 4519 428 4560; x_wconf 77' lang='lat' dir='ltr'>open</span> <span class='ocrx_word' id='word_1_311' title='bbox 441 4509 516 4550; x_wconf 77' lang='lat' dir='ltr'>Scotto</span> <span class='ocrx_word' id='word_1_312' title='bbox 531 4509 549 4550; x_wconf 86' lang='lat' dir='ltr'>V</span> <span class='ocrx_word' id='word_1_313' title='bbox 564 4521 615 4558; x_wconf 81' lang='lat' dir='ltr'>pm</span> <span class='ocrx_word' id='word_1_314' title='bbox 630 4513 648 4550; x_wconf 88' lang='grc'>1.</span> <span class='ocrx_word' id='word_1_315' title='bbox 1253 4486 1268 4540; x_wconf 88' lang='lat' dir='ltr'>b</span> 
     </span>
    </p>
   </div>
   <div class='ocr_carea' id='block_1_5' title="bbox 0 0 1557 4932">
    <p class='ocr_par' dir='ltr' id='par_1_10' title="bbox 0 0 1557 4932">
     <span class='ocr_line' id='line_1_39' title="bbox 0 0 1557 4932; baseline 0 0"><span class='ocrx_word' id='word_1_316' title='bbox 0 0 1557 4932; x_wconf 95' lang='lat' dir='ltr'> </span> 
     </span>
    </p>
   </div>
  </div>
 </body>
</html>
