3108 4926
257 427 321 492 272
603 427 630 481 S.
658 427 815 483 Aurelii
843 427 1061 497 Augustini

257 627 328 709 quis
357 626 542 713 diligentius
574 623 762 708 pleniusque
795 622 1005 708 conscripsit?
1045 621 1106 703 Qui
1138 621 1268 690 tametsi
1301 625 1412 688 minus

258 737 307 799 est
326 734 434 798 suauis
456 731 591 815 eloquio,
612 731 755 795 doctrina
772 733 877 795 tamen
898 729 1000 814 adque
1020 730 1187 795 sententiis
1207 730 1252 795 ita
1270 730 1411 795 refertus

258 844 318 919 est,
343 843 379 905 ut
405 840 437 904 in
466 839 551 904 omui
580 836 766 913 eruditione,
791 854 886 918 quarn
916 856 973 902 nos
998 837 1203 914 saecularem,
1227 837 1275 901 illi
1298 840 1410 902 autem

256 946 424 1012 liberalem
435 948 560 1020 uocant,
576 943 755 1008 studiosam
772 961 877 1008 rerum
893 945 1017 1007 tantum
1036 944 1098 1008 iste
1118 944 1237 1020 doceat,
1254 947 1412 1025 quantum

258 1051 633 1119 studiosumuerbornm
653 1047 761 1115 Cicero
783 1049 928 1114 delectat.
953 1050 1097 1132 Denique
1117 1051 1235 1135 etipse
1256 1046 1410 1138 [Tullius]
1444 1074 1458 1111 s

259 1159 334 1224 huic
361 1159 424 1224 tale
448 1159 668 1224 testimonium
692 1157 847 1240 perhibet,
872 1159 910 1221 ut
931 1157 963 1221 in
987 1157 1076 1222 libris
1100 1156 1300 1222 Academicis
1324 1157 1412 1222 dicat

259 1283 339 1342 eam,
359 1286 438 1350 quae
461 1265 506 1330 ibi
530 1267 686 1342 uersatur,
706 1263 953 1346 disputationem
978 1283 1011 1328 se
1034 1264 1185 1329 babuisse
1209 1283 1281 1329 cum
1299 1263 1412 1328 Marco

260 1371 408 1452 Varrone,
437 1372 585 1448 bomine,
614 1371 728 1453 inquit,
758 1370 898 1434 omnium
930 1369 1023 1436 facile
1056 1371 1241 1436 acutissimo
1275 1375 1307 1436 et
1340 1371 1412 1436 sine

259 1477 326 1542 ulla
363 1479 560 1544 dubitatione
598 1477 803 1543 doctissimo'.
846 1476 917 1542 Non
955 1478 1001 1542 ait
1037 1477 1320 1559 ‘eloquentissimo'
1356 1477 1413 1542 uel

261 1585 520 1664 ‘facundissimo’‚
542 1583 689 1667 quoniam
713 1604 746 1649 re
769 1602 845 1649 uera
863 1583 894 1648 in
914 1583 972 1648 hac
991 1583 1143 1648 facultate
1162 1584 1302 1649 multum
1320 1583 1412 1668 inpar
1434 1603 1461 1642 ιο
1550 1575 1551 1654 Ῠ

261 1695 324 1769 est;
355 1692 410 1757 sed
432 1691 595 1768 bmnium,
624 1690 736 1773 inquit,
761 1690 854 1754 facile
883 1689 1089 1766 acutissimo,
1114 1693 1148 1755 et
1172 1690 1203 1754 in
1232 1690 1279 1754 eis
1306 1691 1412 1756 libris.

259 1797 293 1862 id
312 1801 362 1863 est
379 1797 588 1875 Academicis,
609 1796 665 1860 ubi
685 1799 799 1860 cuncta
817 1794 991 1859 dubitanda
1010 1814 1080 1860 esse
1100 1795 1272 1874 contendit,
1288 1794 1416 1860 addidit

261 1904 338 1970 ‘sine
361 1905 428 1968 ulla
452 1903 647 1969 dubitatione
672 1901 876 1968 doctissimo‘.
902 1901 1047 1967 Proiecto
1073 1902 1111 1967 de
1134 1903 1192 1966 hac
1215 1921 1248 1966 re
1273 1903 1321 1968 sic
1343 1905 1415 1967 erat

262 2013 378 2090 certus,
401 2013 439 2075 ut
467 2010 602 2074 auferret
630 2008 870 2085 dubitationem,
895 2027 987 2091 quam
1018 2011 1101 2074 solet
1126 2010 1158 2073 in
1183 2009 1332 2075 omnibus
1356 2009 1413 2074 ud·

261 2117 378 2196 hibere,
402 2121 564 2199 tamquam
594 2117 632 2180 de
659 2116 719 2180 hoc
748 2133 809 2180 unu
835 2115 929 2179 etiam
953 2135 1008 2199 pro
1032 2116 1296 2182 Academicorum
1320 2116 1412 2180 dubi·
1431 2135 1461 2174 aa

262 2224 380 2289 tatione
405 2224 626 2306 disputaturus
650 2241 684 2286 se
703 2221 930 2286 Academicum
953 2222 1069 2288 inisset
1092 2223 1221 2289 oblitus.
1246 2224 1283 2287 ln
1306 2224 1412 2308 primo

263 2337 369 2395 autern
392 2330 473 2396 libro
498 2349 570 2394 cum
590 2329 731 2393 ciusdem
749 2327 896 2393 Varronis
915 2328 1069 2394 litteraria
1088 2348 1182 2413 opera
1199 2329 1412 2413 praedicaret:

263 2437 349 2515 ‘Noa
377 2437 491 2519 iuquit,
520 2436 551 2500 in
580 2439 687 2500 nostra
721 2435 797 2499 urbe
829 2435 1063 2518 peregrinantes
1097 2441 1300 2519 errantesque
1333 2441 1414 2502 tam-

264 2563 358 2625 quam
382 2543 525 2625 hospites
549 2543 597 2606 tui
616 2541 688 2606 libri
709 2541 798 2625 quasi
819 2541 949 2607 domum
968 2541 1166 2618 reduxerunt,
1187 2545 1224 2606 ut
1242 2562 1415 2626 possemus

264 2649 431 2733 aliquando
460 2649 514 2732 qui
543 2653 575 2714 et
597 2649 650 2714 ubi
675 2667 819 2713 essemus
844 2667 1025 2734 agnoscere.
1049 2649 1097 2714 uu
1121 2653 1257 2714 aetatem
1280 2651 1414 2732 patriae,
1434 2671 1462 2707 ιο

264 2759 299 2821 tu
323 2756 552 2838 descriptiones
576 2759 765 2838 temporum,
790 2759 826 2820 tu
851 2775 1011 2820 sacrorum
1036 2756 1174 2833 iurata
1199 2757 1414 2837 sacerdotum,

264 2865 300 2927 tu
329 2863 546 2941 domesticam,
570 2866 606 2926 tu
635 2861 795 2946 publicam
820 2861 1029 2946 disciplinam,
1054 2865 1090 2927 tu
1114 2863 1222 2928 sedem
1245 2864 1415 2948 regionum

264 2969 416 3046 locorum,
435 2972 472 3033 tu
496 2967 636 3033 omnium
661 2968 839 3032 diuinarum
863 2969 1134 3051 humanarumque
1157 2988 1262 3034 rarum
1287 2971 1418 3036 nomina

266 3093 388 3158 genera,
409 3076 513 3139 officia
531 3093 643 3139 causas
659 3075 833 3158 aperuisti)
856 3075 920 3138 iste
939 3076 1038 3158 igitur
1056 3075 1106 3140 uir
1123 3080 1189 3140 tam
1209 3076 1345 3160 insignis
1365 3095 1415 3141 eu-

266 3181 472 3264 cellentisque
500 3182 631 3264 peritiae
659 3185 701 3258 et,
729 3181 813 3263 quod
841 3179 880 3244 de
907 3181 963 3246 illo
992 3181 1086 3246 etiem
1117 3182 1325 3247 Terentianus
1354 3183 1415 3247 eie·
1435 3203 1461 3243 aa

267 3288 453 3373 gantissimo
476 3288 634 3353 uersiculo
658 3289 798 3352 breuiter
820 3288 880 3352 ait:

480 3417 532 3476 Vir
554 3417 738 3476 doctissimus
762 3417 962 3490 undecumque
986 3417 1086 3489 Varro,

360 3683 392 3736 16
413 3699 433 3735 c.
455 3681 470 3735 3
525 3683 558 3735 27
578 3681 657 3736 Matr.
677 3682 747 3736 2846

305 3860 318 3912 1
339 3858 500 3928 planiusque
520 3857 602 3912 ub¹t
655 3859 671 3910 4
691 3858 745 3912 ista
765 3857 789 3912 0
842 3860 857 3912 5
878 3859 906 3911 et
924 3873 974 3912 om.
995 3873 1011 3924 q
1031 3855 1158 3926 [Tullius]
1184 3873 1235 3910 om.
1258 3857 1419 3926 Oedipo?

268 3973 654 4030 cneocaesaream
731 3939 891 4027 retient
969 3973 1001 4026 12
1021 3971 1143 4034 aaaref
1219 3973 1416 4028 recreem-0

270 4065 364 4116 erata
430 4062 464 4115 18
483 4063 511 4115 in
529 4066 676 4130 m.lsap.
696 4063 776 4116 aaz
848 4061 1181 4124 urbe,ueaoeorr.C
1230 4062 1262 4115 19
1281 4061 1416 4130 hospites,

268 4149 501 4215 iexecorr.,C
571 4168 718 4220 possemus,
740 4169 753 4205 e
773 4149 962 4205 amicornC
1014 4151 1045 4203 21
1068 4150 1216 4219 discripti
1278 4151 1313 4204 22
1333 4149 1416 4204 disci·

268 4239 369 4308 plinam
390 4257 423 4293 m.
443 4255 494 4294 rec.
508 4241 540 4292 a'a
555 4239 682 4309 marpc'
751 4239 925 4306 sedemb²e;
943 4239 1036 4293 sedum
1054 4239 1415 4308 c'1b1clp1kf;seuinm

272 4327 429 4398 C²ap²qc
483 4328 863 4383 27Varro..multaom.ri
