3094 4932
349 382 398 434 De
427 382 601 435 ciuitate
630 381 691 435 dei
719 382 783 435 lib.
812 381 847 438 II.
877 399 952 452 cap.
981 383 1006 436 3.
1035 384 1060 436 4.
1239 387 1281 450 63

123 577 274 641 tendunt.
301 576 390 656 Quur
413 576 496 641 enim
521 595 667 659 eaquae
691 577 833 642 diotums
858 596 940 654 sum,
964 578 1177 660 permiserunt
1200 581 1280 644 acci·

124 685 199 748 dere
225 684 404 748 cultoribus
429 684 508 760 suis,
532 687 701 766 antequam
727 702 780 747 eos
805 683 998 748 declaratum
1023 683 1141 748 Christi
1165 704 1278 750 nomen

123 791 300 855 offenderet
324 809 496 874 eorumque
521 789 674 854 sacrificia
697 790 898 872 prohiberet?

590 1054 726 1120 CAPUT
749 1055 820 1120 llll.

94 1196 241 1277 sQuod
273 1199 457 1264 cultores
487 1198 651 1262 deorum
680 1199 795 1262 nulla
829 1217 1011 1281 umquam
1046 1218 1063 1262 a
1092 1198 1153 1262 dis
1187 1200 1275 1264 suis

122 1309 348 1389 praecepta
371 1305 597 1388 probitatis
618 1305 855 1386 acceperint
874 1305 967 1368 etin
988 1306 1117 1370 sacris
1138 1324 1273 1370 eorum

363 1412 501 1494 turpia
525 1431 705 1495 quaeque
731 1411 1037 1476 celebrauerint.

165 1554 277 1618 Primo
304 1553 393 1636 ipsos
421 1573 524 1618 moros
548 1573 585 1617 ne
609 1553 766 1636 pessimos
790 1553 951 1630 haberent,
982 1573 1076 1636 quare
1106 1553 1137 1618 di
1165 1573 1273 1618 eornm

124 1679 231 1726 curare
261 1662 453 1726 noluerunt?
491 1661 578 1725 Deus
606 1661 688 1724 enim
718 1679 812 1724 uerus
837 1678 901 1737 eos,
926 1679 944 1723 a
967 1661 1083 1742 quibrrs
1107 1679 1166 1724 non
1192 1662 1273 1726 cole-

86 1767 223 1840 oratur.
260 1767 373 1832 merito
407 1767 558 1851 neglexit:
598 1767 629 1830 di
664 1771 770 1830 autem
802 1765 861 1844 illi,
893 1785 911 1830 a
948 1785 1083 1849 quorum
1117 1767 1205 1833 cultu
1239 1787 1272 1832 se

123 1874 284 1958 prohiberi
307 1875 451 1938 homines
474 1873 682 1958 ingratissimi
707 1876 950 1955 conqueruntur,
975 1874 1113 1938 cultores
1138 1893 1213 1940 suos
1233 1875 1272 1939 ad

123 1982 198 2045 bene
213 1981 392 2046 uiuendum
409 1999 504 2063 quare
520 1980 616 2044 nullia
635 1980 762 2064 legibus
778 1979 988 2044 adiuuarent?
1004 1979 1123 2062 Utique
1140 1980 1270 2065 dignum

125 2092 196 2163 erat,
217 2091 268 2165 ut,
289 2107 350 2170 quo
370 2087 464 2150 modo
479 2086 534 2151 isti
552 2087 679 2150 illorum
701 2105 798 2164 sacra,
815 2086 860 2150 ita
874 2087 922 2150 illi
937 2087 1071 2151 istorum
1084 2087 1167 2152 facta
1183 2107 1270 2152 cura·

124 2199 196 2259 rent.
213 2194 280 2260 Sed
294 2193 511 2276 respondetur,
523 2192 606 2275 quod
620 2194 785 2256 uoluntate
801 2193 926 2275 propria
941 2193 1075 2275 quisque
1090 2194 1194 2259 malus
1210 2201 1269 2261 est.

88 2315 108 2350 ¹⁵
126 2300 197 2378 Quis
227 2301 291 2366 boc
319 2299 504 2383 negaberit?
538 2300 782 2364 Verumtamen
807 2299 984 2382 pertinebat
1008 2299 1046 2363 ad
1071 2302 1269 2368 consultores

125 2408 193 2472 deos
208 2408 297 2472 uitae
313 2407 411 2470 bonae
426 2409 593 2489 praecepta
607 2425 666 2469 non
684 2407 840 2470 occultare
856 2406 981 2489 populis
998 2407 1173 2472 cultoribus
1189 2408 1267 2480 suis,

125 2515 175 2578 sed
202 2516 290 2579 clara
316 2513 549 2596 praedicatione
577 2513 735 2595 praebere,
763 2532 819 2596 per
850 2517 941 2578 uates
973 2513 1067 2578 etiam
1102 2516 1268 2579 conuenire

126 2621 219 2704 adque
244 2639 378 2704 arguere
398 2623 576 2702 peccantes,
596 2621 698 2702 palam
719 2620 831 2684 minari
850 2639 966 2702 poenas
986 2622 1068 2685 male
1087 2622 1267 2704 agentibus.

121 2728 252 2807 praemia
292 2730 376 2792 recte
413 2726 598 2790 uiuentibus
636 2727 787 2808 polliceri.
835 2723 918 2804 Quid
955 2745 1106 2809 umquam
1139 2727 1201 2791 tale
1234 2730 1265 2793 in

87 2850 107 2887 n
123 2833 244 2898 deorum
271 2834 400 2897 illorum
424 2833 554 2915 templis
577 2837 723 2917 prompta
743 2835 775 2896 et
793 2832 943 2896 eminenti
963 2852 1041 2897 uoce
1062 2835 1265 2916 concrepuit?

122 2937 330 3004 Veniebamus
361 2940 456 3004 etiam
485 2958 542 3003 nos
571 2939 738 3020 aliquando
768 2938 986 3003 adulescentes
1016 2939 1054 3003 ad
1083 2943 1265 3021 spectacula

122 3044 313 3128 ludibriaque
333 3045 582 3130 sacrilegiorum,
603 3046 825 3128 spectabamus
843 3045 1036 3128 arrepticios,
1057 3046 1264 3112 audiebamus

123 3153 354 3234 synphoniaeos,
378 3151 463 3216 ludis
488 3152 694 3234 turpissimis,
719 3152 774 3234 qui
799 3153 847 3216 dis
872 3152 1052 3234 deabusque
1078 3153 1263 3218 exhibeban-

121 3261 175 3334 tur,
200 3259 447 3338 oblectabamur,
473 3259 609 3324 Caelesti
633 3259 749 3343 uirgini
775 3263 806 3324 et
828 3259 1054 3342 Berecynthiae
1078 3261 1170 3324 matri
1198 3280 1263 3325 om-

88 3363 211 3438 anium,
240 3370 312 3431 ante
341 3366 432 3431 cuius
461 3367 607 3430 lecticam
637 3365 686 3430 die
715 3367 860 3430 sollemni
883 3367 1054 3432 lauationis
1087 3367 1155 3432 eius
1185 3369 1262 3433 talia

121 3490 168 3552 per
197 3475 361 3557 publicum
396 3474 630 3538 cantitabantur
662 3494 680 3538 a
713 3473 917 3556 nequissimis
951 3474 1114 3550 scaenicis,
1144 3475 1259 3556 qualia,

152 3783 292 3840 bdeorum
314 3786 613 3868 Cpqc;om.l)o·nb.
706 3788 883 3840 9enimom.
907 3787 938 3841 0¹
1014 3789 1046 3842 12
1066 3788 1257 3843 uibcndumL

123 3896 317 3956 adiuberuntL
396 3903 428 3956 13
447 3869 554 3956 sacrata
572 3903 598 3956 L
672 3905 704 3957 14
724 3903 874 3970 maluseslt.
895 3921 908 3956 e
928 3920 1015 3964 eraso,
1037 3903 1064 3956 L
1142 3906 1174 3958 15
1195 3922 1256 3958 con·

122 3986 245 4056 salitores.
265 3993 273 4043 i
293 4007 380 4048 eraso.
401 3991 423 4043 C
459 3993 491 4046 17
513 3991 569 4062 sed]
590 3991 631 4056 de,
651 3991 834 4060 superscripto
853 4009 886 4044 m.
906 3995 924 4046 :2
942 3992 1027 4052 sede
1080 3994 1219 4062 praeclara
1239 4012 1255 4044 n

123 4087 237 4139 praehere
257 4078 315 4131 Lll
373 4079 404 4131 18
424 4095 538 4148 urguere
560 4079 592 4132 0¹
650 4081 682 4132 19
702 4081 822 4150 praemia
840 4096 898 4148 sup.
920 4080 1004 4133 lirae
1059 4081 1255 4134 uibentibusL

124 4159 153 4213 20
169 4163 269 4220 illorum
289 4183 339 4222 om.
362 4166 394 4221 0¹
504 4167 640 4272 opinante
659 4169 681 4221 e¹
765 4171 800 4222 22
819 4172 847 4222 et
865 4169 1053 4238 spectabamus
1074 4170 1111 4230 ll;
1131 4173 1254 4239 aspecta-

123 4273 242 4334 bamusa
296 4283 331 4336 23
351 4283 402 4336 diis
422 4267 553 4352 abusqze
606 4283 882 4338 251abutionisLll
