3136 4928
284 401 349 464 496
631 399 658 454 S.
687 399 844 452 Aurelii
871 399 1089 468 Augustini

283 596 370 658 nunt.
410 591 472 658 Sed
499 593 576 656 haec
605 595 654 656 est
681 593 793 675 gratia,
818 611 898 675 quae
923 596 1013 658 sanat
1035 592 1188 669 infirmos
1214 613 1275 658 non
1300 597 1432 677 superbe

282 701 435 765 iactantes
451 699 564 764 falsam
584 699 812 764 beatitudinem
833 719 934 778 suam,
949 701 1006 765 sed
1024 701 1188 765 humiliter
1201 700 1311 782 potius
1329 721 1433 767 ueram

283 806 443 870 miseriam
468 803 662 869 confitentes.

700 995 836 1062 CAPUT
859 997 1022 1064 XXVIIII.

285 1141 337 1204 De
373 1139 635 1204 incarnatione
667 1138 819 1202 Domini
857 1139 980 1203 nostri
1011 1139 1098 1203 Iesu
1134 1139 1291 1218 Christi,
1327 1161 1469 1224 quami

408 1245 587 1310 confiteri
610 1245 894 1311 PlatonIcorum
919 1246 1112 1310 erubescit
1134 1247 1313 1329 inpietas.

327 1387 495 1452 Praedicas
527 1387 654 1451 Patrem
687 1390 720 1451 et
753 1387 973 1460 eiusFili11m‚
1009 1407 1101 1470 quem
1135 1408 1231 1453 uocas
1268 1393 1435 1471 paternum

284 1492 483 1558 intellectum
518 1513 575 1557 seu
602 1496 751 1569 mentem,
781 1497 813 1558 et
841 1495 953 1558 horum
981 1494 1132 1566 medium,
1157 1515 1255 1577 ¹quem
1284 1501 1435 1579 putamus

284 1606 316 1665 te
354 1600 456 1664 dicere
490 1599 644 1680 Spiritum
682 1603 838 1678 sanctum,
874 1605 906 1665 et
938 1620 1023 1664 more
1057 1605 1163 1666 rrcstro
1198 1602 1341 1685 appellas
1374 1605 1434 1667 tres

285 1709 370 1772 deos.
408 1706 480 1783 Ubi,
510 1707 570 1771 etsi
598 1707 705 1771 uerbIs
734 1706 978 1790 indisciplinatis
1012 1709 1149 1782 utimini,
1178 1709 1297 1772 uidetis
1331 1715 1470 1774 tamenn

286 1814 557 1898 qualitercumque
591 1817 623 1878 et
656 1815 747 1896 quasi
779 1833 835 1895 per
868 1815 1021 1898 quaedam
1058 1816 1163 1880 tenuis
1200 1815 1434 1900 imaginationis

285 1921 480 1998 umbracula,
506 1939 566 2001 quo
596 1919 759 1983 utiendum
789 1921 845 1996 sin
876 1921 930 1984 sed
959 1921 1205 1986 incarnationem
1229 1923 1434 1986 incommuta·

283 2027 359 2090 bilis
386 2026 460 2090 Filii
490 2027 558 2096 Dei,
589 2045 650 2108 qua
679 2027 848 2101 saluamur,
873 2029 910 2090 ut
938 2028 977 2091 ad
1005 2027 1069 2100 illa,
1096 2049 1175 2110 quae
1199 2029 1360 2092 credimus
1384 2030 1432 2092 uel

285 2153 321 2196 ex
350 2133 639 2215 quantulacumque
667 2136 756 2214 parte
785 2134 1013 2216 intellegimus
1042 2135 1149 2198 uenire
1177 2136 1352 2217 possimus,
1377 2155 1432 2199 non

284 2239 385 2303 uultis
410 2258 590 2323 agnoscere.
619 2239 732 2322 Itaque
756 2241 873 2304 uidetis
898 2245 1081 2322 utcumque,
1107 2242 1167 2305 etsi
1192 2243 1228 2305 de
1252 2243 1470 2326 longinquae

287 2345 346 2409 etsi
376 2346 442 2409 acie
472 2346 637 2429 caligante,
661 2346 794 2428 patriam
824 2347 854 2409 in
884 2367 946 2428 qua
973 2347 1163 2411 manendum
1187 2349 1245 2413 est.
1272 2349 1327 2412 sed
1353 2349 1432 2411 uiam

286 2472 348 2534 qua
371 2452 507 2516 eundum
532 2455 581 2516 est
604 2472 663 2517 non
683 2453 808 2517 tenetis.
834 2450 1000 2517 confiteris
1019 2457 1125 2517 tamen
1146 2454 1292 2536 gratiam,
1313 2454 1432 2537 quando

287 2559 414 2642 quidem
438 2560 476 2621 ad
495 2559 598 2623 Deum
622 2579 678 2641 per·
701 2563 856 2624 uirtutem
879 2560 1118 2644 intellegentiae
1141 2561 1308 2642 peruenire
1328 2561 1432 2644 paucis

286 2665 366 2730 dicis
395 2685 463 2730 esse
493 2684 690 2730 conoessum.
728 2667 798 2732 Non
829 2667 911 2731 enim
941 2667 1034 2731 dicIs:
1063 2668 1179 2731 Paucis
1208 2668 1341 2749 plsami,
1369 2668 1431 2731 uel:

285 2773 385 2837 Pauci
408 2774 591 2842 uoluerunt:
618 2771 673 2836 sed
698 2792 769 2837 eum
795 2773 874 2837 diois
899 2793 969 2838 csse
989 2792 1186 2848 conoessum,
1207 2775 1319 2855 procul
1341 2773 1430 2836 dubio
1448 2791 1468 2827 e

285 2878 345 2942 Dei
370 2879 514 2962 gratiam,
536 2899 595 2943 non
614 2880 752 2943 bominis
772 2879 994 2944 sufficicntiam
1016 2881 1184 2944 confiteris.
1209 2879 1318 2945 Uteris
1343 2881 1432 2945 etiam

287 2985 346 3050 boo
371 2987 467 3049 uerbo
492 2985 643 3067 apertius,
668 2985 722 3047 ubi
745 2985 888 3048 Platonis
913 2985 1103 3050 senteutiam
1127 3005 1263 3067 sequens
1286 3005 1346 3074 nec
1369 2987 1433 3068 ipse

288 3091 414 3156 dubitas
447 3093 478 3155 in
512 3093 570 3155 hac
603 3091 671 3155 uita
702 3091 863 3154 hominem
898 3091 985 3156 nullo
1018 3091 1112 3155 modo
1143 3092 1182 3155 ad
1209 3093 1432 3173 perfectionem

288 3199 459 3280 sapientiae
487 3198 661 3282 peruenire,
686 3199 860 3262 secundum
888 3197 1088 3263 intellectum
1116 3202 1221 3262 tamen
1249 3197 1431 3263 uiuentibus

230 3373 235 3384 ,
288 3325 378 3369 omne
396 3305 478 3387 quod
495 3304 583 3368 deest
596 3304 795 3386 prouidentia
809 3304 868 3368 Dei
884 3307 916 3368 et
930 3305 1032 3388 gratia
1044 3308 1119 3387 post
1132 3304 1212 3368 hanc
1226 3305 1327 3369 uitam
1342 3322 1430 3387 posse
1446 3321 1468 3360 a
1544 3361 1545 3374 ,

288 3411 437 3495 conpleri.
476 3409 501 3475 Ο
532 3413 558 3476 si
589 3411 794 3495 cognouisses
819 3411 876 3474 Dei
907 3411 1040 3494 gratiam
1064 3431 1119 3490 per
1141 3411 1249 3474 Iesum
1274 3410 1429 3476 Christum

289 3519 451 3583 dominum
478 3522 622 3583 nostrum
649 3519 814 3600 ipsamque
843 3517 910 3581 eius
934 3519 1191 3595 iucarnationem,
1216 3537 1276 3599 qua
1300 3515 1427 3581 bominis

288 3628 424 3687 animam
453 3645 629 3707 corpusque
655 3625 809 3706 suscepit.
835 3643 996 3688 summum
1020 3643 1090 3688 esse
1115 3625 1294 3704 exemplum
1317 3623 1426 3708 gratiae

288 3731 396 3795 uidere
429 3731 600 3813 potuisses.
639 3730 701 3796 Sed
735 3731 810 3812 quicl
843 3730 978 3794 faciam?
1016 3730 1088 3796 Scio
1122 3749 1172 3794 mc
1205 3732 1322 3794 frustra
1347 3727 1427 3809 loqui

289 3841 423 3917 mortuo,
449 3839 505 3902 sed
533 3840 686 3920 quantum
714 3838 753 3902 ad
779 3840 811 3902 te
836 3837 970 3902 adtinet:
1000 3843 1153 3919 quantum
1177 3841 1285 3920 autem
1308 3835 1347 3900 ad
1369 3853 1426 3908 eos,
1441 3855 1463 3893 a

326 4038 338 4092 1
361 4042 402 4091 est
420 4055 470 4092 om.
490 4038 515 4092 s¹
608 4039 637 4090 ll
660 4038 902 4106 imagInationibus
922 4055 940 4091 a
1022 4039 1056 4091 12
1076 4053 1129 4106 quc
1149 4036 1210 4106 nit]
1232 4035 1398 4090 conitendum
1415 4049 1427 4084 e

292 4127 323 4180 17
344 4127 460 4194 gratiam
480 4144 514 4180 ar.
535 4129 554 4179 2
572 4127 603 4179 ia
621 4143 678 4180 ros.
698 4144 712 4179 e
786 4129 818 4180 19
837 4125 897 4181 Non
916 4143 1001 4194 aeque
1020 4126 1059 4179 ad
1078 4143 1234 4180 concessum
1254 4126 1272 4182 t.
1293 4129 1332 4178 20
1349 4137 1426 4176 ome

289 4215 389 4267 Paucis
409 4231 493 4269 onas
556 4216 590 4268 22
610 4216 730 4284 sequeris
749 4233 782 4268 m.
803 4219 822 4268 2
841 4232 1007 4284 exsequens
1027 4231 1129 4268 corae
1192 4216 1227 4268 24
1246 4213 1294 4268 sed
1312 4211 1425 4266 intellec-

290 4307 357 4364 tum,
376 4303 407 4354 aba
425 4319 509 4371 marp.
531 4303 560 4355 al
578 4303 724 4356 secundum
744 4303 842 4367 intell,
861 4303 877 4356 b
