3136 4934
302 407 367 470 370
648 401 674 455 S.
703 401 860 455 Aurelii
888 399 1108 472 Augustini

303 599 544 674 factasunt,
572 596 795 660 intellecta
828 596 1161 680 conspiciuntur,
1195 595 1440 678 sempiterna
1538 609 1539 704 1

304 723 460 786 quoque
489 703 625 768 uirtus
650 702 737 767 cius
763 706 803 766 et
827 701 1040 781 diuinitas,
1066 705 1098 767 ot
1121 703 1176 766 ubi
1199 701 1439 767 Atheniensibus

302 813 446 894 loquens,
471 829 543 874 cum
567 828 634 873 rom
657 827 804 892 maguam
830 807 868 872 de
890 809 957 874 Deo
982 809 1113 874 dixisset
1137 810 1170 873 et
1193 827 1273 891 quae
1298 827 1316 872 a
1337 806 1439 890 paucis

303 916 406 1001 possit
429 915 586 999 intellegi,
611 915 695 998 quod
718 915 756 978 iu
781 913 856 979 illo
887 914 1066 981 uiuimus
1101 917 1140 980 et
1172 933 1378 979 mouemur
1406 915 1440 976 et

305 1041 453 1100 sumus,
470 1021 586 1086 adiecit
600 1026 633 1086 et
647 1021 705 1085 ait:
726 1020 844 1086 Sicut
862 1025 901 1086 et
919 1021 1051 1086 uestri
1071 1021 1232 1106 quidam
1251 1021 1440 1085 dixerunt
1465 1045 1476 1082 s

303 1127 405 1193 Nouit
429 1147 504 1192 sane
528 1127 624 1192 etiam
648 1127 746 1208 ipsos,
770 1127 802 1190 in
828 1128 944 1209 quibus
974 1131 1084 1208 errant,
1114 1145 1239 1204 caucum
1277 1126 1332 1190 ubi
1364 1125 1439 1188 enim

305 1233 509 1312 dictumest,
534 1232 767 1317 quodperea,
797 1251 877 1315 quae
904 1233 990 1298 facta
1022 1237 1105 1311 sunt,
1133 1233 1223 1298 Deus
1254 1232 1321 1298 illis
1352 1229 1440 1295 mani·

304 1339 437 1404 festauit
454 1339 621 1404 intellectu
642 1338 864 1422 conspicienda
877 1339 1051 1405 inuisibilia
1067 1358 1138 1404 sua:
1158 1338 1203 1404 ibi
1218 1339 1313 1404 etiam
1329 1338 1438 1402 dictum

306 1449 354 1511 est
378 1464 439 1511 non
463 1446 537 1511 illos
561 1447 666 1528 ipsum
691 1445 795 1510 Deum
819 1449 904 1510 recte
929 1447 1078 1527 coluisse,
1103 1445 1177 1529 quia
1200 1447 1232 1509 et
1255 1445 1326 1510 aliis
1344 1445 1439 1520 rebus,

306 1553 422 1637 quibus
445 1571 506 1617 uon
531 1551 707 1635 oportebat,
732 1551 858 1618 diuinos
882 1552 1016 1618 honores
1040 1551 1089 1616 illi
1108 1551 1165 1615 uni
1182 1553 1308 1616 tautum
1327 1550 1438 1614 debitos
1456 1574 1475 1612 n

308 1656 504 1724 detulerunt:
542 1656 741 1737 Quoniam
766 1660 1065 1741 cognoscentes
1088 1657 1213 1722 Deum
1237 1675 1312 1721 uon
1339 1656 1439 1721 sicut
1538 1691 1539 1746 p

305 1766 431 1830 Deum
468 1763 822 1848 glorificauerunt
858 1767 927 1828 aut
964 1763 1121 1848 gratias
1163 1765 1342 1847 egerunt,
1378 1759 1438 1824 sed
1538 1747 1539 1819 l

307 1873 564 1937 euanuaruut
586 1871 624 1934 in
650 1869 983 1954 cogitationibus
1008 1871 1094 1934 suis
1119 1873 1158 1935 et
1187 1869 1437 1934 obscuratum

308 1981 371 2044 est
395 1995 461 2042 cor
490 1976 694 2059 insipieus
727 1995 873 2041 eorum.
919 1975 1115 2041 Dicentes
1149 1976 1255 2040 euim
1291 1994 1330 2040 se
1360 1991 1438 2038 esse

307 2085 518 2166 sapientes
570 2083 695 2147 stulti
746 2082 849 2147 facti
900 2088 994 2147 sunt
1046 2087 1084 2148 et
1138 2082 1474 2147 inmutauoruntn

307 2190 481 2274 gloriam
499 2187 839 2271 incorruptibilis
858 2187 932 2253 Dei
950 2189 987 2253 in
1013 2185 1333 2254 similitudinem
1361 2186 1440 2250 ima·

309 2297 419 2383 ginis
444 2295 740 2379 corruptibilis
768 2295 945 2360 hominis
978 2299 1017 2360 et
1048 2297 1260 2360 uolucrum
1295 2297 1334 2359 et
1363 2311 1440 2375 qua·

310 2402 532 2485 drupedum
557 2405 595 2466 et
618 2401 887 2484 serpentium
918 2403 973 2467 ubi
1002 2405 1034 2466 et
1062 2402 1221 2466 Romanos
1252 2404 1287 2465 et
1314 2400 1439 2467 Graecos

309 2513 341 2574 et
363 2507 549 2591 Aegyptios.
579 2506 633 2588 qui
662 2507 700 2571 de
734 2507 908 2589 sapientiae
940 2507 1066 2572 nomina
1099 2505 1227 2591 gloriati
1260 2509 1344 2582 sunt,
1374 2502 1441 2568 lecit

308 2614 463 2697 intellegi.
507 2611 568 2677 Sed
592 2613 629 2677 de
653 2612 714 2678 hoo
738 2631 811 2676 cum
839 2612 912 2677 istis
940 2617 1013 2696 posi
1041 2613 1171 2678 modum
1205 2610 1439 2694 disputabimus.
1454 2635 1474 2672 0

308 2722 343 2786 lu
369 2739 430 2802 quo
455 2725 561 2786 autem
586 2719 676 2784 uobis
701 2719 905 2784 consentiunt
928 2720 966 2785 de
993 2738 1055 2785 uno
1078 2719 1147 2785 Deo
1176 2719 1271 2783 huius
1300 2714 1439 2783 uniuersi-

308 2828 384 2893 tatis
410 2830 548 2905 auctore‚
573 2827 627 2908 qni
651 2845 710 2891 uon
737 2827 841 2892 solum
865 2846 961 2910 super
984 2827 1089 2892 omnia
1112 2845 1244 2909 corpora
1273 2829 1322 2892 est
1351 2825 1439 2889 incor-

308 2952 433 3016 poreus,
457 2954 569 2999 uerum
593 2933 689 2997 etiam
710 2952 805 3016 super
824 2953 933 2999 omnes
952 2935 1073 2998 animas
1091 2933 1351 3016 inconuptibiliS,
1368 2929 1441 3014 prin·

309 3039 428 3123 cipium
452 3041 606 3116 nostrum,
629 3038 738 3103 lumen
761 3041 917 3114 nostrum,
940 3037 1059 3102 bouum
1082 3041 1237 3114 nostrum,
1259 3038 1292 3101 iu
1315 3037 1373 3100 hoo
1394 3053 1441 3098 eos

310 3147 423 3212 ceteris
439 3144 673 3227 anteponimus.
691 3143 769 3220 Neo,
786 3144 814 3208 si
828 3145 950 3209 litteras
966 3163 1075 3210 corum
1091 3144 1290 3210 Christianus
1304 3145 1442 3228 ignoraus
1457 3165 1476 3204 u

309 3252 428 3333 uerbis,
453 3271 533 3334 quac
556 3270 617 3316 non
643 3250 765 3328 didicit,
789 3251 821 3315 iu
847 3249 1062 3334 disputatione
1094 3269 1154 3315 non
1188 3251 1300 3328 utitur,
1332 3253 1368 3314 ut
1396 3247 1442 3312 uel

310 3359 485 3423 naturalem
508 3357 618 3421 Latine
641 3358 694 3423 uel
717 3357 883 3440 physicam
908 3357 1027 3423 Graece
1052 3357 1191 3441 appellet
1221 3377 1291 3422 eum
1321 3359 1442 3440 partem,

310 3465 342 3529 iu
366 3483 428 3547 qua
451 3463 490 3528 do
512 3466 643 3527 naturae
670 3463 876 3546 inquisitione
908 3466 1071 3528 tractatur.
1105 3467 1137 3528 et
1168 3462 1353 3528 rationalem
1382 3461 1442 3525 siue

310 3572 458 3655 logicam,
478 3571 510 3634 in
530 3588 593 3653 qua
612 3570 774 3652 quaeritur
792 3589 928 3652 quonam
947 3570 1041 3636 modo
1061 3570 1179 3634 ueritas
1199 3570 1317 3654 percipi
1340 3569 1442 3653 possit.

400 3797 495 3852 410.
517 3797 557 3859 17,
577 3797 611 3851 as
667 3795 697 3849 11
719 3797 796 3850 nom.
817 3797 840 3861 1,
860 3797 892 3850 21
914 3813 972 3866 sqq.

347 3922 363 3974 2
384 3921 440 3974 eius
459 3937 510 3976 om.
528 3921 551 3973 0
584 3923 602 3974 4
622 3924 650 3974 et
668 3935 807 3974 monemur
822 3920 850 3985 C,
871 3923 899 3974 et
917 3935 968 3974 om.
987 3920 1046 3975 rell.
1065 3937 1081 3975 0
1099 3919 1199 3984 D'omb,
1237 3921 1253 3976 6
1271 3920 1339 3991 ipsa,
1355 3919 1443 3973 sm.2

312 4011 426 4072 iuras..
446 4025 460 4061 e
478 4014 556 4062 erant
574 4009 596 4064 l¹
650 4009 765 4078 9quia
816 4009 849 4064 14
868 4026 912 4062 cor
930 4009 1010 4114 {pssip
1033 4009 1067 4075 0,·
1086 4009 1167 4079 insip.
1187 4025 1232 4062 cor
1250 4009 1342 4064 relic
1393 4021 1441 4074 sap.

312 4141 406 4180 essee
479 4126 511 4179 16
530 4125 700 4178 inmutabilis
716 4125 726 4178 l
797 4125 832 4178 20
851 4125 1113 4195 postca,putahiruus
1129 4125 1152 4190 l‚·
1171 4125 1270 4194 disput.
1290 4121 1442 4196 postmod'q

312 4217 347 4270 25
367 4215 391 4267 si
409 4230 493 4268 onas
582 4214 691 4282 ignorat
709 4214 734 4268 8¹
819 4215 997 4269 26001011
1076 4214 1110 4270 28
1130 4213 1163 4268 de
1183 4230 1269 4269 ome
1355 4209 1441 4281 inquis.

313 4307 426 4360 naturae
444 4319 460 4356 o
514 4303 548 4356 29
568 4319 692 4372 quonam,
711 4320 773 4356 nam
791 4321 826 4358 m.
845 4306 864 4355 2
883 4320 944 4372 sup.
965 4304 1023 4368 lin,
1043 4304 1067 4368 l,·
1086 4320 1138 4374 quo
1157 4319 1172 4357 a
