3136 4928
279 465 344 528 540
623 461 649 514 S.
678 459 835 514 Aurelii
863 460 1079 528 Augustini

278 655 489 738 inculpabiles
519 655 709 734 sonanter
737 673 814 736 quas
843 657 876 719 et
902 655 1008 718 lncem
1034 653 1130 718 ialam
1153 654 1203 718 hia
1228 655 1333 721 oculis
1358 673 1428 721 con-

279 763 421 846 spicuam
445 761 613 826 luminaria
636 760 717 826 caeli
740 760 896 836 diuidunt‚
916 779 977 824 non
1002 764 1084 836 ante,
1104 760 1160 824 sed
1183 765 1258 842 post
1282 763 1429 828 infertur:

278 870 327 932 nt
354 869 469 934 uidit
492 869 599 932 Deus
629 867 722 950 quia
750 867 892 932 bonnm
922 870 993 932 eat.
1033 867 1175 930 Posuit
1202 867 1289 946 illa,
1314 869 1428 952 inquit,

278 975 317 1038 in
346 975 607 1038 firmamento
637 973 742 1036 caeli
772 973 910 1036 lucere
938 991 1059 1055 anper
1086 977 1234 1037 terram
1261 978 1300 1039 et
1323 993 1429 1058 prae·

279 1100 370 1146 esse
395 1081 475 1144 diei
501 1083 539 1144 et
562 1079 674 1144 nocti
698 1082 737 1142 et
761 1097 951 1161 separare
974 1079 1083 1143 inter
1105 1079 1236 1144 lucem
1261 1086 1300 1145 et
1324 1087 1469 1145 tene-a

278 1188 381 1252 bras.
429 1187 477 1250 Et
517 1187 625 1250 uidit
663 1186 768 1250 Dens
812 1185 907 1268 quia
947 1185 1090 1250 bonnm
1129 1190 1201 1250 est.
1250 1188 1429 1271 Utrumque

279 1285 410 1378 placuit,
444 1293 518 1376 qnia
550 1298 720 1375 utrumqne
754 1293 821 1356 sine
854 1295 984 1373 peccato
1019 1295 1077 1356 est.
1116 1292 1179 1358 Ubi
1211 1299 1317 1358 autem
1354 1294 1430 1358 dixit

280 1402 381 1465 Dens:
419 1400 511 1464 riae
547 1402 624 1478 lnx,
656 1403 694 1464 et
730 1400 840 1464 lacta
878 1403 940 1464 est
976 1384 1066 1463 lurn'
1095 1400 1143 1464 Et
1179 1399 1289 1464 uidit
1321 1401 1427 1466 Dens

278 1510 409 1573 lucem
440 1509 533 1590 quie
556 1508 657 1573 bona
681 1511 758 1582 est;
788 1510 821 1571 et
844 1506 1048 1588 postmodum
1072 1507 1219 1571 infertur:
1248 1509 1298 1572 ut
1322 1527 1429 1591 sepa-

279 1614 390 1679 rauit
421 1615 527 1678 Deus
565 1615 671 1678 inter
708 1614 840 1678 lucem
873 1615 912 1676 et
943 1613 1148 1685 tenebras;
1190 1619 1228 1678 et
1260 1614 1428 1679 uocauit
1447 1639 1467 1676 n

280 1721 387 1784 Deus
411 1720 543 1784 lucem
568 1719 671 1784 diem
695 1723 733 1784 et
757 1719 947 1784 tenebras
972 1721 1143 1784 uocauit
1166 1723 1344 1786 noctem:
1369 1739 1425 1784 non

279 1825 339 1891 hoc
362 1828 432 1892 loco
457 1826 600 1891 additum
625 1831 687 1890 eet:
715 1825 764 1890 Et
791 1826 904 1891 uidit
926 1827 1033 1891 Deus
1063 1827 1158 1909 qnia
1186 1827 1333 1892 bonnm
1358 1837 1426 1905 eat,

279 1953 318 1996 ne
346 1939 516 2014 utrumque
545 1932 758 2016 appellaretur
785 1934 1013 2011 bonumeam
1043 1937 1128 1998 esset
1156 1933 1269 1998 horum
1295 1933 1426 1999 alterum
1547 2003 1548 2010 χ

279 2040 410 2116 malum,
431 2039 510 2102 nitio
533 2039 671 2121 proprio,
691 2058 752 2103 non
776 2043 896 2102 natura.
921 2039 962 2102 nt
986 2039 1056 2102 ideo
1080 2040 1149 2104 sola
1171 2039 1217 2103 ibi
1235 2041 1289 2104 lun
1309 2039 1427 2122 placuit
1547 2023 1548 2054 ³

281 2144 456 2221 Conditori3
485 2145 632 2210 tenebrae
661 2153 767 2208 autem
796 2145 968 2229 angelicae,
993 2145 1054 2210 etsi
1080 2146 1205 2210 fuerant
1228 2146 1425 2220 ordinandae,
1447 2175 1468 2212 n

280 2270 340 2315 non
364 2255 469 2316 tamen
493 2253 619 2316 fuerant
642 2251 870 2334 adprobandae.

729 2442 868 2509 CAPUT
891 2444 975 2509 XXI.

280 2586 333 2650 De
363 2592 527 2652 aeterna
556 2590 595 2651 et
621 2587 950 2651 incommutabili
981 2589 1158 2652 scientia
1185 2588 1257 2652 Dei
1291 2609 1335 2653 ac
1367 2609 1427 2654 uo-

278 2693 451 2772 luntate,
481 2713 556 2774 qua
584 2713 740 2774 semper
772 2693 841 2757 illi
874 2695 1068 2758 uniuersa
1100 2713 1199 2776 qnae
1232 2694 1336 2759 fecit
1368 2695 1426 2759 eie

342 2800 588 2880 placuerunt
615 2799 813 2877 facienda,
843 2820 956 2882 quem
985 2801 1030 2865 ad
1059 2801 1212 2865 modurn
1243 2802 1364 2866 facta.
1442 2824 1465 2862 n

324 2942 407 3022 Quid
436 2947 486 3006 est
514 2943 597 3007 enim
623 2942 708 3005 aliud
730 2941 980 3026 intellegendum
1004 2945 1035 3007 in
1060 2963 1107 3024 eo,
1133 2943 1218 3026 quod
1241 2963 1299 3026 per
1322 2943 1426 3008 omnia

279 3048 409 3113 dicitur:
426 3049 659 3114 ViditDeua
681 3050 774 3131 qnia
793 3049 934 3114 bonum
954 3053 1025 3124 eet,
1043 3051 1103 3115 nisi
1123 3053 1225 3134 operia
1241 3051 1426 3134 adprobatio

279 3155 455 3220 secundnm
483 3160 582 3220 artem
611 3155 698 3231 facti,
724 3174 803 3235 quae
831 3155 988 3238 sapientia
1009 3139 1069 3221 Dei
1097 3162 1166 3223 est?
1204 3158 1291 3222 Deua
1320 3165 1424 3222 autem

280 3281 380 3344 usqne
405 3263 482 3328 adeo
507 3284 577 3339 non,
598 3284 670 3328 cnm
693 3266 814 3329 factum
839 3268 897 3340 eet,
917 3269 994 3329 tnnc
1013 3265 1126 3329 didicit
1144 3265 1271 3342 bonnm,
1291 3267 1330 3328 ut
1348 3264 1426 3328 nihil

278 3386 387 3432 eorum
414 3370 514 3448 tieret,
539 3371 566 3434 si
595 3373 623 3435 ei
646 3372 764 3436 fnisset
785 3371 993 3455 incognitum.
1032 3373 1116 3437 Dum
1140 3389 1213 3456 ergo
1237 3371 1330 3436 uidet
1353 3371 1426 3454 qnia
1442 3394 1465 3432 n

278 3476 395 3540 bonum
429 3481 487 3556 est,
518 3479 610 3560 quod,
639 3479 701 3543 niei
733 3478 870 3543 uidisset
898 3484 1065 3562 antequam
1097 3479 1196 3556 fieret,
1225 3497 1285 3544 non
1313 3479 1425 3560 utique

278 3581 381 3647 fieret:
411 3583 504 3648 docet
531 3585 649 3656 bonurn
678 3603 844 3661 essenon
873 3585 978 3649 discit.
1015 3585 1057 3649 lit
1079 3584 1171 3650 Plato
1200 3583 1329 3666 quidem
1353 3583 1424 3666 plus

279 3708 376 3754 ausus
411 3695 459 3755 eat
492 3691 604 3769 dicere,
634 3694 751 3756 elatum
785 3711 855 3756 esse
888 3692 1011 3757 scilicet
1039 3693 1141 3757 Deum
1170 3691 1286 3776 gaudio
1316 3689 1425 3754 mundi

368 3943 401 3994 ar
422 3941 489 3998 rim.
509 3961 534 4012 p.
555 3942 638 4008 eno

317 4102 328 4153 1
349 4101 530 4170 inpalpabiles
550 4118 568 4153 α
655 4101 670 4154 3
690 4101 781 4171 posuit
805 4101 926 4154 Vabel
931 4107 1001 4168 pta
1013 4103 1047 4166 ,ἠ
1066 4100 1101 4154 ut
1118 4100 1211 4171 poenit
1228 4118 1244 4154 o
1334 4103 1423 4170 inquit

278 4203 329 4241 om.
350 4195 403 4252 af
490 4189 507 4240 6
528 4188 676 4257 Utrumque
695 4189 787 4255 codd.;
806 4189 866 4244 Utr.
886 4191 957 4242 enim
976 4206 992 4243 v
1082 4191 1097 4242 7
1117 4189 1163 4250 ibi.
1182 4191 1213 4242 in
1231 4207 1318 4260 mury.
1337 4189 1392 4254 nbi,
1411 4207 1424 4242 e

279 4276 313 4329 10
333 4280 361 4328 et
380 4278 505 4330 uocauit.
519 4319 524 4329 .
536 4277 697 4333 ..tenebrae
717 4295 767 4332 oar.
788 4277 808 4332 l¹
891 4279 1053 4347 uocauitque
1072 4295 1088 4332 v
1158 4277 1190 4331 18
1210 4277 1254 4330 dei
1273 4278 1422 4346 scientiap

278 4364 432 4435 uoluntate]
452 4365 575 4419 bonitate
599 4366 626 4420 V
680 4367 711 4420 19
732 4368 795 4436 quia
813 4383 955 4436 semperp
1027 4368 1052 4420 ei
1071 4387 1089 4420 α
1142 4365 1265 4420 aedicit
1289 4366 1317 4419 V
