3072 4930
279 445 344 510 214
624 441 650 497 S.
678 438 836 494 Aurelii
863 439 1085 508 Augustini

281 642 417 718 scentes,
450 637 544 702 rebus
576 635 716 701 minimis
749 635 943 712 tribuuntur,
976 633 1015 699 de
1039 632 1187 716 qualibus
1211 633 1427 698 mathematici

280 764 341 810 nou
366 745 469 809 solent
493 742 617 808 consuli
641 739 727 826 (quis
747 742 832 806 euim
851 741 998 807 consulat
1018 739 1141 823 quando
1163 739 1282 818 sedeat,
1302 738 1425 822 quando

281 850 471 929 deambulet,
491 848 615 932 quando
634 851 687 913 uel
706 847 781 932 quid
800 847 1001 933 praudeatl):
1025 846 1180 929 numquid
1198 846 1263 912 ista
1282 845 1426 922 dicimus,

282 956 406 1040 quando
429 957 462 1021 in
484 956 627 1022 moribus
659 955 807 1038 operibus
841 954 1032 1036 casibusque
1066 954 1263 1038 geminorum
1292 952 1426 1036 plurima

282 1063 519 1147 plurimumque
544 1063 670 1128 diuersa
691 1065 929 1127 monstramus?
1452 1081 1463 1118 ⁵

740 1254 878 1322 CAPUT
900 1255 974 1319 ΠΙΙ.

283 1397 338 1463 De
361 1398 465 1463 Esau
491 1401 529 1462 et
546 1397 672 1464 Jacob
697 1397 874 1482 geminis
897 1397 1067 1461 multum
1091 1397 1200 1460 iuter
1219 1415 1259 1460 se
1279 1413 1424 1460 morum

474 1507 512 1570 et
536 1505 742 1570 actionum
767 1504 971 1588 qualitate
996 1501 1246 1586 disparibus.

326 1646 402 1712 Nati
426 1649 501 1712 suut
525 1647 587 1712 duo
611 1647 729 1732 gemini
753 1645 882 1732 antiqua
903 1649 1029 1730 patrum
1052 1645 1205 1711 memoria
1228 1643 1280 1730 (ut
1298 1644 1336 1708 de
1354 1643 1426 1708 iusi-

285 1752 400 1839 gnibus
423 1753 548 1839 loquar)
581 1754 627 1820 sic
659 1756 739 1819 alter
767 1757 842 1838 post
869 1753 1014 1830 alterum,
1044 1755 1082 1816 ut
1110 1751 1268 1836 posterior
1288 1751 1423 1835 plantam
1440 1777 1462 1813 o

283 1862 397 1946 prioris
419 1865 554 1928 teneret.
599 1862 701 1927 Tanta
723 1861 754 1926 in
779 1881 885 1926 eorum
911 1861 978 1924 uita
1001 1861 1131 1924 fuerunt
1156 1859 1362 1940 moribusque
1384 1856 1425 1920 di·

284 1987 387 2046 uersa,
418 1971 507 2033 tauta
529 1968 561 2033 iu
586 1969 711 2034 actibus
736 1967 938 2051 disparilitas,
969 1969 1059 2031 tauta
1080 1966 1113 2030 in
1137 1968 1302 2050 pareutum
1326 1981 1425 2028 amore

285 2074 524 2151 dissimilitudo,
561 2078 597 2140 ut
634 2075 731 2139 etiam
767 2073 914 2138 inimicos
951 2093 1006 2138 eos
1037 2074 1121 2138 inter
1153 2091 1187 2137 se
1215 2072 1332 2136 faceret
1360 2069 1425 2152 ipss

286 2181 446 2248 distantia.
493 2180 657 2263 Numquid
688 2180 749 2244 hoo
782 2179 907 2256 dieitur,
941 2179 1015 2261 quia
1046 2197 1108 2244 uuo
1137 2178 1319 2242 ambulante
1348 2177 1424 2240 alius

287 2287 427 2366 sedebat,
461 2291 492 2352 et
524 2287 586 2352 alio
612 2287 785 2351 dormiente
818 2286 900 2350 alius
932 2286 1098 2370 eigilstat,
1132 2289 1164 2350 et
1192 2285 1253 2350 alio
1281 2285 1422 2366 loquente
1439 2297 1461 2338 ιε

285 2395 413 2459 tacebat
450 2395 545 2469 alius;
583 2413 663 2476 quae
700 2393 859 2476 pertinent
891 2393 929 2458 ad
959 2394 1031 2458 illas
1061 2393 1225 2470 minutias,
1258 2410 1338 2474 quae
1368 2407 1423 2452 nou

285 2502 421 2582 possunt
444 2500 482 2564 ab
507 2500 553 2565 eis
577 2497 797 2584 conprehendi,
831 2500 885 2582 qui
909 2499 1169 2566 constitutionem
1193 2497 1344 2575 siderum,
1368 2513 1424 2578 qua

288 2605 421 2690 quisque
453 2608 603 2684 nascitur,
644 2606 796 2682 scribunt,
835 2605 920 2671 unde
951 2604 1170 2670 mathematici
1203 2603 1423 2670 consulantur?

286 2710 377 2776 Unus
397 2710 485 2777 duxit
507 2713 751 2777 mercennariam
775 2713 975 2790 seruitutem,
998 2713 1081 2777 alius
1101 2731 1161 2776 nou
1180 2710 1328 2788 semiuit3
1348 2725 1423 2774 rinus

288 2821 424 2883 amatre
448 2819 649 2903 diligebatur,
673 2819 755 2884 alius
779 2839 839 2884 uou
863 2819 1066 2904 diligebatur3
1087 2838 1169 2883 unus
1188 2819 1351 2894 honorem,
1375 2811 1422 2896 qui
1438 2832 1460 2870 s

287 2944 422 3009 maguus
447 2929 524 3008 aput
547 2944 600 2991 eos
624 2926 808 3004 habebatur,
833 2927 950 3004 amisit,
973 2926 1124 3008 indeptus
1148 2929 1196 2990 est
1219 2924 1309 2988 alter.
1348 2917 1424 3001 Quid

289 3031 327 3096 de
351 3032 511 3110 uxoribus,
539 3032 678 3114 quidde
702 3031 788 3108 filiis,
812 3031 888 3114 quid
912 3032 950 3096 de
974 3033 1080 3108 rebus,
1105 3033 1221 3115 quanta
1244 3027 1422 3095 diuersitas!

289 3137 323 3202 Si
342 3155 416 3221 ergo
434 3137 513 3202 haec
536 3137 575 3201 ad
596 3138 670 3202 illas
688 3138 846 3220 pertinent
864 3139 1015 3203 minutias
1034 3141 1224 3221 temporum,
1248 3155 1330 3218 quae
1349 3135 1424 3198 inter

291 3261 324 3307 so
342 3242 460 3308 habeut
478 3245 605 3327 gemini,
630 3249 662 3309 et
686 3245 980 3310 constellationibus
998 3265 1060 3310 nou
1079 3243 1315 3310 adscribuntur:
1336 3255 1424 3324 quare

291 3349 424 3413 aliorum
453 3351 748 3416 constellationibus
777 3351 928 3434 inspectis
954 3351 1019 3416 ista
1045 3351 1213 3416 dicuntur?
1260 3347 1294 3414 Si
1324 3351 1423 3412 autem
1440 3364 1461 3402 a
1512 3383 1513 3430 q

290 3454 361 3520 ideo
386 3456 543 3535 dicuntur,
568 3458 725 3540 quianon
750 3458 789 3522 ad
813 3457 935 3522 minuta
957 3455 1284 3540 inconprehensibilia,
1313 3454 1370 3520 sed
1390 3449 1425 3516 ad

290 3565 470 3645 temporum
494 3564 596 3646 spatia
619 3565 784 3650 pertinent,
809 3583 889 3648 quae
914 3565 1075 3630 obseruari
1097 3563 1263 3644 notarique
1281 3562 1424 3645 possunt:
1512 3541 1513 3630 1

328 3808 465 3862 2oousoli
487 3806 520 3861 0¹
593 3809 624 3862 11
645 3808 753 3862 maioris
773 3828 791 3861 α
866 3808 895 3860 in
913 3811 1058 3876 camma.
1079 3807 1128 3860 lira
1147 3807 1173 3860 L
1247 3807 1279 3860 15
1299 3802 1425 3876 uigilabat

292 3897 396 3950 aliusb
469 3901 497 3950 et
516 3895 828 3965 alioLAOabdep5
847 3899 876 3950 et
893 3895 1122 3967 oruquomb.
1185 3895 1217 3950 16
1235 3895 1347 3949 tacebat
1364 3892 1424 3947 alius

292 3985 370 4040 codd.
392 3985 512 4048 (tacebat
530 3990 558 4040 et
576 3985 646 4040 alius
665 3987 709 4053 d);
728 3985 761 4039 al.
780 3988 863 4040 tacu
919 3987 949 4040 17
970 3985 1104 4040 sidereum
1121 3984 1154 4038 0¹
1210 3985 1242 4038 18
1261 3983 1425 4038 consolantur
1512 3963 1513 4023 1

295 4074 328 4126 0¹
385 4075 416 4128 19
436 4073 549 4128 seruibit
567 4073 594 4128 L
651 4074 686 4128 20
705 4075 774 4128 alius
793 4091 847 4129 non
867 4074 943 4144 dilig.
963 4089 1014 4129 otu.
1034 4075 1062 4128 b¹
1133 4090 1187 4127 nou
1205 4071 1378 4142 diligebatur,
1395 4085 1423 4120 m.

292 4179 343 4217 ree.
362 4163 544 4232 aspersors'pto
564 4180 579 4216 a
597 4167 683 4232 patre,
703 4180 722 4216 α
781 4164 814 4218 21
834 4161 963 4233 indeptus
982 4167 1024 4216 est
1042 4164 1112 4218 alter
1129 4161 1213 4228 L¹d3
1231 4161 1301 4216 alter
1317 4159 1372 4214 ind.
1389 4161 1425 4210 est

295 4250 370 4306 Oob
382 4251 472 4316 de¹o,·
491 4251 561 4306 alter
578 4251 692 4322 adeptus
711 4257 754 4306 est
771 4253 850 4320 elpq
891 4253 925 4306 22
947 4257 1035 4314 tauta,
1052 4251 1084 4306 in
1100 4267 1186 4320 raorg.
1206 4267 1239 4304 ru.
1260 4255 1274 4303 1
1294 4251 1425 4321 quantae
1512 4277 1513 4318 3

1512 4027 1513 4074 l

1512 4081 1513 4143 1

293 4342 328 4394 25
347 4341 386 4393 ita
404 4339 473 4394 Lm
529 4341 563 4392 27
582 4341 742 4410 temporalia
763 4339 787 4394 0
