3108 4926
265 439 328 502 308
608 435 635 491 S.
664 435 821 489 Aurelii
848 433 1066 504 Augustini

264 631 421 696 discerent
453 629 582 714 singuli,
619 649 658 696 ne
692 649 800 696 omnes
832 632 863 695 in
897 635 963 696 arte
996 651 1059 696 urra
1090 631 1178 696 tarde
1211 650 1247 696 ac
1280 631 1403 698 difficile

264 741 452 822 cogerentur
475 756 545 802 esse
568 737 709 819 perfecti.
734 737 851 802 Verum
872 739 977 802 tamen
998 737 1049 802 nir
1069 737 1236 820 quisquam
1256 739 1403 822 reperitur

263 844 393 910 deorum
422 863 484 908 non
513 843 714 922 selectorum,
739 845 794 926 qui
821 845 927 927 aliquo
953 844 1084 908 crimine
1107 845 1225 910 famam
1249 845 1342 910 traxit
1362 846 1404 909 in-

262 951 394 1026 famam;
420 951 473 1014 nix
497 954 603 1015 autern
627 951 817 1016 selectorum
842 951 1011 1033 quispiam,
1032 951 1085 1033 qui
1109 971 1170 1016 non
1193 952 1225 1015 in
1250 957 1403 1016 sanctam

264 1057 474 1122 contumeliae
500 1056 636 1138 insignis
661 1058 828 1138 acceperit.
861 1056 914 1121 llli
938 1057 976 1121 ad
999 1058 1134 1124 istorum
1158 1058 1291 1123 humilia
1316 1078 1406 1141 opera
1434 1081 1446 1120 ι

263 1163 501 1236 descenderunt,
524 1163 580 1226 isti
607 1163 639 1226 in
666 1163 794 1228 illorum
824 1163 974 1228 sublimia
1002 1163 1133 1228 crimina
1156 1183 1217 1229 non
1241 1169 1405 1230 uenerunt.

262 1271 310 1336 De
333 1272 409 1336 Iano
439 1269 565 1352 quidem
590 1288 650 1335 non
674 1270 754 1334 mihi
775 1270 869 1334 facile
894 1270 1067 1353 quidquam
1090 1272 1237 1347 occurrit,
1262 1263 1347 1354 qnod
1369 1272 1405 1336 ad

262 1376 412 1461 probrum
435 1377 602 1459 pertineat.
626 1377 667 1442 Et
689 1378 824 1442 fortasse
848 1377 923 1442 talis
947 1377 1053 1455 fuerit,
1073 1377 1272 1444 innocentius
1297 1379 1408 1443 uixerit

263 1489 295 1549 et
323 1505 340 1548 a
372 1483 564 1548 facinoribus
597 1483 791 1568 flagitiisque
823 1485 987 1549 remotius.
1030 1484 1203 1550 Satumnm
1234 1486 1405 1569 fugientem

262 1591 420 1674 benignus
445 1591 580 1673 excepit;
606 1610 679 1656 cum
703 1591 828 1674 hospite
852 1591 989 1672 partitus
1013 1595 1063 1656 est
1085 1610 1228 1676 regnum,
1253 1598 1290 1656 nt
1313 1593 1406 1656 etiarn
1426 1613 1447 1650 ιι

263 1697 411 1762 ciuitates
445 1697 588 1781 singulas
622 1697 800 1774 conderent,
828 1697 890 1762 iste
918 1696 1106 1774 Ianiculum,
1133 1697 1190 1761 ille
1217 1697 1406 1762 Saturniam.

264 1803 326 1870 Sed
354 1805 409 1869 isti
437 1805 468 1868 in
497 1805 587 1869 cultu
616 1804 745 1868 deornm
774 1804 876 1868 omnis
902 1803 1064 1868 dedecoris
1088 1805 1293 1887 adpetitores,
1317 1804 1407 1868 ouius

263 1912 364 1975 uitam
396 1911 501 1974 minus
534 1913 659 1992 turpem
692 1911 889 1988 inuenerunt,
925 1929 998 1974 eum
1031 1909 1194 1975 simulacri
1229 1915 1408 1975 monstrosa

263 2017 462 2082 deformitate
487 2019 663 2100 turparunt,
688 2036 771 2082 nunc
795 2037 867 2082 enm
891 2017 1070 2094 bifrontem,
1095 2035 1180 2081 nuno
1207 2017 1304 2080 etiam
1334 2036 1408 2099 qua-

262 2123 456 2202 drifrontem,
480 2125 642 2204 tamquam
667 2125 837 2206 geminum,
862 2124 1023 2189 facientes.
1052 2123 1100 2186 An
1124 2123 1204 2189 forte
1227 2125 1405 2198 uoluerunt,
1426 2145 1446 2182 re

262 2235 308 2308 ut,
334 2231 483 2313 qnoniam
506 2231 635 2313 plurimi
659 2230 690 2294 di
715 2231 826 2294 selecti
851 2230 1064 2294 embescenda
1094 2229 1303 2313 perpetrando
1333 2231 1407 2294 anri-

262 2343 368 2404 serant
392 2339 536 2414 frontem,
562 2341 679 2420 quanto
703 2337 763 2402 iste
788 2335 985 2402 innocentior
1008 2339 1102 2414 esset,
1127 2340 1214 2401 tanto
1239 2337 1407 2402 frontosior

262 2447 445 2528 appareret?

733 2601 870 2667 CAPUT
893 2600 930 2668 V.

261 2745 316 2809 De
351 2763 598 2828 paganorum
641 2743 867 2809 secretiore
910 2743 1097 2807 doctrina
1137 2742 1443 2825 physicisquea

712 2849 955 2915 rationibus.

306 2991 368 3058 Sed
404 2993 546 3074 ipsorum
582 2992 689 3073 potius
727 2992 1003 3074 interpretationes
1040 2990 1190 3074 physicas
1229 2991 1404 3066 audiamus,

261 3100 377 3182 quibus
405 3098 636 3181 turpitudinem
659 3098 829 3162 miserrimi
853 3098 965 3163 erroris
989 3097 1079 3161 uelut
1102 3097 1223 3161 altioris
1248 3096 1405 3161 doctrinae

261 3206 366 3290 specie
404 3205 543 3270 colorare
580 3209 741 3270 conantur.
782 3205 925 3270 Primum
963 3225 1015 3269 eas
1052 3203 1328 3287 interpretationes
1361 3203 1404 3268 sic

260 3313 358 3378 Varro
397 3311 607 3388 commendat,
640 3317 677 3376 nt
709 3313 795 3377 dicat
826 3311 974 3394 antiquos
1007 3311 1178 3376 simulacra
1211 3310 1342 3374 deorum
1375 3313 1404 3374 et
1420 3332 1443 3371 ιι

259 3419 396 3501 insignia
420 3421 611 3499 ornatusque
634 3417 770 3498 finxisse,
792 3437 871 3501 quae
896 3437 968 3483 cum
988 3419 1089 3483 oculis
1109 3415 1405 3482 animaduertissent

259 3525 303 3602 hi,
333 3524 387 3605 qui
415 3523 557 3588 adissent
589 3523 748 3588 doctrinae
784 3525 945 3608 mysteria,
973 3528 1105 3608 possent
1132 3523 1267 3587 animam
1297 3521 1405 3588 mundi

294 3757 435 3827 3quine²
506 3759 534 3812 in
554 3765 619 3812 aare
638 3758 788 3813 criminee²
859 3761 950 3824 traxit,
966 3776 1041 3814 orm
1054 3762 1110 3824 2,e
1164 3757 1405 3828 bperueneruntl

261 3875 276 3927 7
302 3873 335 3927 ad
354 3873 479 3942 probrum
501 3874 676 3944 0¹aolpq;
700 3875 867 3944 sprottus,-
890 3875 923 3929 ab
944 3875 1146 3944 obprobrnmss
1134 3893 1165 3928 aa
1183 3891 1268 3945 marg
1288 3874 1324 3928 ad
1342 3873 1403 3944 pbu

260 4007 285 4056 e,·
306 3989 340 4042 ad
355 3946 504 4059 ambrum
525 3989 573 4056 C²,·
591 3990 817 4060 adopprobrinm
838 3997 888 4058 of
949 3991 1156 4045 corinnae
1218 3990 1375 4060 9flagiisq;
1395 3989 1404 4042 l

260 4079 293 4133 13
321 4083 492 4132 monstruosa
510 4079 544 4132 el
618 4079 650 4132 16
676 4082 708 4132 nt
730 4079 811 4132 om.l
901 4078 1082 4133 erubescendo
1102 4079 1136 4133 C¹
1225 4075 1403 4148 perpetrando

259 4185 311 4222 om.
329 4168 360 4222 0ι
446 4169 594 4221 amiserunt
614 4187 644 4233 α,·
663 4169 811 4238 fmisersnt,
831 4185 847 4222 a
865 4185 952 4232 muso,
972 4169 991 4221 d
1065 4171 1097 4224 17
1117 4168 1341 4238 innocentiorlea
1358 4164 1403 4220 sed

259 4261 366 4310 tantoe
420 4259 454 4310 22
473 4257 586 4310 istorum
602 4273 623 4325 p
678 4257 713 4310 23
731 4257 841 4311 altiores
859 4257 881 4310 (Γ
933 4259 967 4310 26
986 4258 1139 4312 fincrisset
1191 4257 1225 4310 27
1244 4257 1274 4309 hi
1293 4257 1341 4326 qui
1358 4253 1402 4309 ad·

258 4345 345 4398 issent
362 4363 421 4414 sup.
442 4347 491 4400 lira.
513 4345 536 4398 C
