3094 4932
583 386 608 440 S.
638 386 797 441 Aurelii
825 387 1044 457 Augustini

709 578 846 644 CAPUT
869 580 910 644 H.

236 720 347 801 Quod
363 723 675 804 nulleumquam
691 721 804 786 bella
821 721 881 785 ita
900 723 1015 805 gesta
1032 721 1124 797 siut,
1141 725 1185 786 ut
1203 722 1387 796 uictores

287 832 456 913 propter
480 829 573 893 deos
599 848 745 903 eorum,
770 846 869 909 quos
893 827 1096 905 uicerunt,
1119 831 1335 910 parcerent

742 934 883 998 uictis.

256 1087 259 1094 ⁴
281 1077 341 1141 Tot
368 1075 452 1140 bella
480 1077 571 1158 gesta
599 1073 778 1156 conscripta
802 1077 877 1138 sunt
900 1074 953 1138 uel
977 1077 1049 1139 ante
1074 1075 1233 1140 conditam
1255 1076 1387 1140 Romam
1419 1095 1433 1134 1

237 1185 290 1248 uel
324 1183 362 1247 ab
397 1183 464 1246 eius
499 1185 608 1262 exortu
642 1184 674 1243 et
705 1180 856 1264 imperio:
890 1182 999 1264 legant
1026 1185 1059 1244 et
1085 1183 1246 1264 proferant
1274 1183 1321 1247 sic
1350 1183 1387 1246 ab

237 1289 421 1373 alienigenis
456 1283 595 1369 aliquam
628 1273 856 1369 captam'esso
890 1287 1065 1367 ciuitatem,
1104 1292 1141 1352 ut
1176 1289 1296 1366 hostes,
1335 1289 1388 1370 qui

237 1399 395 1478 ceperant,
424 1396 589 1478 parcerent
612 1394 668 1472 eis,
694 1413 773 1476 quos
798 1393 837 1458 ad
861 1392 991 1458 deorum
1021 1414 1149 1458 suorum
1174 1396 1294 1479 templa
1318 1415 1388 1461 cou-

236 1503 358 1587 fugisse
387 1504 613 1585 compererant,
642 1503 698 1564 aut
726 1500 863 1582 aliquem
893 1499 1006 1565 ducem
1032 1501 1236 1566 barbarorum
1264 1521 1388 1585 praece-

238 1609 334 1692 pisse,
363 1612 401 1672 11
427 1607 554 1690 inrupto
585 1606 699 1690 oppido
729 1606 836 1671 nullus
861 1606 1016 1710 feriretur,
1045 1607 1099 1688 qui
1122 1607 1154 1672 iu
1177 1607 1233 1672 illo
1256 1607 1308 1672 uel
1332 1607 1387 1672 illo
1409 1636 1432 1674 ro

237 1716 356 1796 templo
375 1714 492 1778 fuisset
510 1715 670 1778 inuentus.
695 1712 806 1777 Nonne
827 1712 909 1776 uidit
923 1710 1045 1778 111111
1064 1713 1225 1778 Priamum
1245 1733 1301 1797 per
1320 1733 1388 1778 aras

327 1843 473 1918 Sanguine
496 1843 663 1902 foedantem
687 1859 759 1916 quos
782 1843 846 1916 ipse
870 1843 1037 1900 saurauerat
1059 1843 1161 1917 ignes?

238 1964 349 2030 Nonne
372 1962 543 2028 Diomedes
568 1964 600 2026 et
622 1963 731 2028 Ulixes

543 2092 636 2150 caesis
659 2109 787 2149 summae
813 2091 981 2149 custodibus
1005 2090 1080 2149 arcis

329 2181 496 2255 Corripuere
520 2198 632 2239 sacram
656 2179 781 2254 effigiem
805 2180 997 2253 manibusque
1022 2180 1148 2239 cruentis

327 2271 481 2345 virgineas
505 2271 568 2329 ausi
592 2271 676 2328 diuae
700 2269 869 2343 contingere
893 2269 1000 2327 uittas?

239 2390 305 2456 Neo
328 2392 433 2454 tamen
459 2389 544 2473 quod
567 2389 712 2471 sequitur
735 2408 847 2453 uerum
871 2391 934 2454 est:

328 2520 370 2577 Ex
394 2519 443 2577 illo
467 2519 553 2576 fluere
579 2535 612 2577 ac
635 2520 711 2576 retro
735 2517 876 2576 sublabsa
898 2517 998 2576 referri

330 2611 401 2682 Spes
424 2609 567 2666 Danaum.

241 2727 357 2791 Postea
384 2727 500 2809 quippe
524 2726 679 2800 uicerunt,
703 2728 815 2807 postea
839 2725 964 2791 Troiam
987 2725 1068 2790 ferro
1091 2725 1284 2809 ignibusque
1308 2726 1385 2790 dele·
1409 2755 1435 2796 11

240 2836 364 2912 uerunt,
382 2836 494 2915 postea
513 2831 747 2916 confugientem
767 2832 806 2896 ad
826 2851 910 2896 aram
930 2833 1092 2896 Priamum
1112 2832 1388 2896 obtruncauerunt.

239 2939 306 3004 Nec
320 2939 391 3004 ideo
407 2938 500 3004 Troia
518 2938 622 3021 periit,
643 2939 716 3020 quia
730 2939 907 3004 Mineruam
926 2939 1071 3022 perdidit.
1097 2938 1181 3020 Quid
1200 2939 1283 3004 euim
1302 2940 1390 3022 prius

240 3047 311 3130 ipsa
332 3045 478 3110 Minerua
505 3044 693 3128 perdiderat,
724 3049 762 3110 ut
788 3046 923 3129 periret?
953 3065 991 3110 an
1014 3046 1095 3110 forte
1119 3047 1269 3111 custodes
1293 3049 1390 3112 suos?

241 3153 311 3219 Hoc
335 3171 409 3216 sane
437 3171 549 3216 uerum
578 3154 641 3226 est3
675 3151 741 3214 illis
771 3152 887 3235 quippe
915 3153 1092 3217 interemtis
1126 3154 1233 3236 potuit
1264 3153 1389 3218 auferri.

241 3261 352 3343 Neque
377 3259 460 3323 euim
483 3259 628 3323 homines
648 3278 666 3322 a
685 3258 865 3337 simulacro,
885 3259 942 3323 sed
965 3260 1171 3324 simulacrum
1196 3261 1234 3324 ab
1258 3259 1390 3326 homiui·
1408 3289 1435 3328 11

242 3368 303 3431 111
327 3365 523 3430 seruabatur.
550 3362 736 3443 Quomodo
762 3384 837 3448 ergo
862 3366 1034 3444 colebatur,
1058 3369 1096 3430 ut
1123 3367 1255 3448 patriam
1286 3368 1391 3431 custo-

243 3473 325 3536 diret
349 3475 380 3536 et
404 3472 502 3548 ciues,
528 3491 607 3553 quae
632 3490 707 3537 suos
732 3491 793 3536 non
818 3473 922 3536 ualuit
946 3472 1106 3537 custodire
1130 3473 1301 3538 custodes?

334 3663 366 3715 12
386 3661 465 3730 Verg.
486 3661 553 3714 Aen.
574 3662 598 3725 2,
619 3663 669 3716 501
691 3678 731 3730 sq.
788 3662 950 3725 1811112,
973 3663 1022 3716 167
1043 3679 1100 3732 sqq.

279 3770 295 3822 2
315 3769 370 3822 sint
391 3767 452 3836 Cp,
471 3771 534 3821 sunt
548 3784 595 3836 pc
672 3770 688 3822 3
709 3770 834 3823 uicerunt
855 3769 890 3837 0,·
908 3771 1116 3838 uicerantpqo
1195 3773 1210 3824 7
1231 3771 1345 3840 aligenis
1365 3789 1392 3840 e,-

244 3857 339 3911 alienis
360 3877 377 3910 α
431 3857 642 3927 Scoeperantl
696 3857 874 3912 9barbarum
896 3876 914 3909 a
969 3859 1002 3913 10
1020 3858 1064 3912 uel
1084 3858 1132 3911 illo
1155 3857 1327 3928 Oabt²qc;
1347 3861 1391 3912 uel

243 3949 271 4000 in
290 3947 337 4002 illo
359 3947 479 4016 l¹paf5
497 3963 548 4000 our.
569 3964 582 3999 e
656 3949 685 4001 ll
708 3947 804 4000 Nonne
824 3947 905 4016 uidit]
925 3964 979 4001 nou
998 3947 1077 4000 itad
1140 3949 1173 4002 12
1193 3949 1344 4018 sanguines,
1364 3967 1391 4002 ru

244 4053 323 4102 erus,
346 4037 369 4089 0
442 4035 580 4090 attuleris
600 4035 647 4102 0¹,·
665 4036 755 4090 ulexes
778 4035 845 4101 O²t,·
864 4037 969 4106 ullixes,
988 4037 997 4090 i
1016 4052 1103 4100 eraso,
1124 4053 1137 4089 e
1210 4039 1337 4092 1411111
1359 4037 1392 4091 0¹

246 4126 279 4180 18
298 4124 426 4178 sublabsa
443 4125 475 4178 θ’
513 4125 547 4178 20
567 4124 727 4178 delenernut
743 4123 803 4178 012
808 4142 869 4194 po;
888 4124 934 4197 llll
947 4127 949 4194 l
963 4129 1049 4188 erunt,
1064 4128 1119 4192 fiae
1131 4127 1283 4195 superioris
1296 4141 1392 4180 111111

246 4219 374 4268 truncato
395 4215 416 4278 l;
436 4214 561 4268 delerant
581 4214 687 4282 ac¹eq
704 4215 804 4268 Domo.
915 4215 947 4269 21
970 4231 1042 4268 aram
1065 4214 1148 4283 Old,·
1167 4233 1226 4268 aras
1247 4215 1392 4284 abcpqo

245 4303 344 4356 Domo.
399 4303 433 4357 23
452 4305 538 4373 ipsam
556 4303 705 4356 mineruam
728 4303 751 4356 C
803 4305 837 4358 25
857 4302 1270 4358 simulachro...simulachrum
1290 4321 1308 4357 a
