3136 4934
290 419 355 484 378
636 419 663 476 S.
691 417 847 472 Aurelii
874 416 1092 487 Augustini

290 612 486 678 moribundis
509 613 662 678 membris
686 611 839 696 positum,
863 631 918 694 pro
944 610 1109 696 splendore
1128 611 1306 676 honestetis
1325 611 1438 696 inpura

292 719 479 786 daemonnm
503 720 592 785 iussu
615 723 815 784 contemnere
834 737 1006 802 eorumque
1024 717 1247 782 inmunditiam
1266 717 1434 784 detestari?

291 825 374 891 Nam
398 827 426 892 si
449 827 542 892 Plato
565 827 643 892 haec
666 826 893 892 honestissime
917 825 1022 910 arguit
1045 827 1079 890 et
1100 824 1274 908 prohibuit,
1296 827 1435 909 proiecto

292 933 461 998 daemones
485 933 670 1016 turpissime
693 935 908 1015 poposcerunt
931 931 1034 1014 adque
1057 931 1229 997 iusserunt.
1271 931 1338 997 Aut
1365 952 1435 1018 ergo

291 1039 414 1104 fallitur
432 1039 587 1123 Apuleius
607 1043 640 1104 et
657 1059 718 1104 non
734 1057 771 1103 ex
789 1039 851 1103 isto
868 1057 982 1122 genere
997 1038 1162 1102 numinum
1177 1037 1290 1104 hebuit
1303 1039 1436 1105 amicum
1467 1062 1478 1099 e

294 1145 440 1212 Socrates
466 1147 521 1211 ant
544 1146 698 1211 contraria
721 1145 804 1210 inter
828 1163 862 1209 se
893 1145 991 1209 sentit
1017 1144 1110 1210 Plato
1143 1145 1238 1210 modo
1272 1146 1437 1212 daemones

292 1252 485 1330 honorando,
527 1251 620 1318 modo
663 1271 772 1318 eorum
813 1251 944 1316 delicies
982 1271 1000 1316 e
1033 1251 1163 1316 ciuitate
1204 1253 1284 1316 bene
1320 1257 1438 1318 morstn

292 1360 495 1436 remouendo,
521 1363 577 1424 eut
599 1378 660 1424 uon
685 1362 734 1423 est
753 1357 875 1424 Socrati
900 1357 1042 1422 amicitie
1061 1357 1224 1423 daemonis
1244 1359 1437 1442 gratulanda,

294 1466 332 1530 de
357 1485 419 1548 qus
446 1484 548 1548 usqne
581 1466 659 1530 adeo
697 1467 730 1529 et
765 1464 834 1547 ipse
865 1464 1020 1547 Apuleius
1060 1463 1197 1543 erubuit,
1235 1470 1273 1529 ut
1309 1465 1347 1530 de
1383 1465 1436 1529 deo

295 1572 434 1638 Socratis
458 1574 655 1654 praenotaret
678 1570 807 1648 librum,
839 1589 933 1653 quern
967 1569 1142 1635 secundum
1177 1589 1268 1637 suam
1301 1571 1438 1656 dispute-
1455 1593 1475 1632 ιι

294 1679 425 1756 tionem,
457 1695 519 1761 que
553 1677 628 1742 deos
663 1697 681 1741 a
715 1676 920 1740 daemonibus
953 1679 1018 1740 tum
1053 1676 1222 1762 diligenter
1253 1678 1438 1761 copioseque

296 1784 456 1858 discernit,
491 1803 552 1848 non
586 1784 744 1866 appellare
775 1783 814 1848 de
846 1783 916 1861 deo,
955 1783 1011 1848 sed
1043 1783 1081 1848 de
1119 1784 1270 1850 daemone
1304 1783 1437 1850 Socratis

296 1891 416 1957 debuit.
441 1891 559 1956 Maluit
583 1893 689 1955 autem
712 1891 772 1955 hoc
795 1890 827 1954 in
852 1890 922 1972 ipss
946 1889 1161 1972 disputatione
1186 1911 1280 1973 qnam
1296 1891 1328 1956 in
1346 1892 1436 1956 titulo

294 1997 368 2062 libri
393 2016 518 2080 ponere.
551 1999 601 2062 lte
625 1997 708 2062 eninr
737 2017 792 2080 per
824 2016 932 2062 sanam
965 1997 1150 2077 doctrinam,
1184 2017 1264 2081 qnae
1295 1999 1436 2064 humenis

295 2106 389 2170 rebus
412 2104 537 2184 inluxit,
562 2123 671 2169 omnes
695 2104 748 2168 uel
770 2123 869 2185 paene
899 2123 1008 2170 omnes
1037 2103 1226 2170 daemonum
1253 2125 1365 2171 nornen
1390 2124 1436 2170 er·
1453 2127 1473 2166 c

295 2212 433 2288 honent,
453 2215 498 2288 ut,
519 2211 664 2294 quisquis
685 2213 756 2276 ente
773 2211 1021 2294 disputationem
1035 2210 1160 2294 Apulei,
1176 2231 1240 2294 qna
1254 2211 1435 2278 daemonum

297 2317 435 2402 dignitas
473 2316 719 2395 commendatur,
758 2317 891 2382 titulum
927 2317 1001 2382 libri
1038 2316 1077 2381 de
1115 2317 1265 2382 daemone
1304 2316 1436 2384 Socratis

296 2427 428 2509 legeret,
463 2443 660 2508 nequaquam
696 2423 789 2488 illum
828 2423 988 2491 hominem
1021 2443 1132 2490 sanum
1169 2423 1270 2489 fuisse
1303 2424 1435 2490 sentiret.

298 2529 381 2609 Quid
405 2533 511 2596 autem
536 2531 632 2596 etiam
655 2531 724 2612 ipse
742 2532 899 2614 Apuleius
920 2531 1005 2615 quod
1022 2531 1054 2596 in
1074 2530 1282 2598 daemonibus
1300 2530 1436 2596 laudaret

297 2637 420 2702 inuenit
442 2641 566 2720 praeter·
589 2638 801 2704 subtilitatem
827 2641 858 2702 et
881 2637 1064 2702 firmitatem
1092 2655 1260 2722 corporum
1293 2641 1325 2703 et
1354 2635 1434 2702 habi·
1450 2657 1471 2696 ro

297 2744 427 2810 tationis
452 2744 596 2808 altiorem
620 2747 747 2810 locum?
784 2743 866 2809 Nam
899 2744 937 2810 de
970 2743 1112 2809 moribus
1145 2763 1265 2820 eorum,
1299 2763 1369 2809 cum
1400 2742 1435 2806 de

298 2851 445 2916 omnibus
469 2850 656 2934 generaliter
677 2851 872 2933 loqueretur,
905 2871 967 2916 uon
1000 2850 1104 2915 solum
1137 2849 1217 2914 nibil
1248 2849 1324 2916 boni
1355 2848 1434 2926 dixit,

299 2958 473 3022 sedetiam
498 2957 672 3040 plurimum
695 2959 782 3024 mali.
825 2957 971 3040 Denique
999 2957 1083 3022 lecto
1111 2957 1167 3023 illo
1201 2957 1282 3023 libro
1313 2973 1434 3040 prorsus

299 3083 390 3128 nemo
418 3064 552 3128 miratur
584 3083 638 3128 eos
672 3067 767 3130 etiam
802 3065 977 3130 scaenicum
1016 3062 1246 3146 turpitudinem
1282 3065 1313 3128 in
1350 3063 1434 3128 rebus

299 3170 416 3235 diuinis
440 3171 554 3235 habere
579 3171 733 3249 uoluisse,
758 3175 790 3235 et
813 3190 885 3236 oum
910 3172 985 3237 deos
1006 3191 1039 3236 ee
1059 3172 1164 3254 putari
1182 3171 1293 3250 uelint,
1313 3171 1470 3235 deorums
1539 3233 1540 3238 ,

299 3277 484 3342 criminibus
518 3278 668 3342 oblectari
700 3279 855 3360 potuisse,
890 3282 923 3343 et
954 3278 1108 3361 quidquid
1139 3278 1171 3342 in
1205 3297 1313 3343 eorum
1346 3275 1434 3343 sacris

302 3383 438 3448 obscena
474 3385 689 3449 sollemnitate
727 3403 782 3448 seu
815 3385 900 3467 turpi
939 3384 1125 3450 crudelitate
1158 3383 1210 3448 nel
1241 3384 1362 3450 ridetur
1388 3379 1434 3446 uel

300 3489 455 3566 horretur,
480 3508 587 3556 eorum
613 3491 789 3556 adfectibus
814 3493 992 3559 conuenire.

336 3741 466 3793 beontrs
484 3756 544 3794 scs
616 3741 680 3794 oet
697 3757 782 3810 usqne
801 3742 892 3812 ipses
965 3743 995 3796 ll
1016 3745 1073 3796 tem
1092 3758 1177 3798 oruc
1265 3735 1435 3812 cupiosepd

301 3829 334 3882 12
355 3829 471 3882 alterum
491 3828 523 3883 dc
543 3829 624 3886 om.l
700 3830 733 3885 15
752 3836 784 3884 ut
802 3847 927 3885 omnese
1016 3831 1165 3886 omniomi
1254 3831 1432 3886 exhorreante
1537 3831 1538 3840 ³

300 3917 335 3972 20
354 3921 495 3988 proptera
567 3923 595 3972 et
614 3918 769 3972 firmitatem
788 3936 849 3988 sup.
870 3919 965 3974 limo
1034 3920 1066 3972 21
1089 3918 1122 3973 de
1140 3919 1292 3974 moribuss
1361 3919 1391 3972 27
1408 3916 1432 3968 iu

236 4064 240 4074 q
303 4005 483 4070 obso.‚inm.
504 4009 571 4060 2ia
584 4007 808 4076 flaccescet]
