3164 4932
363 401 413 454 De
443 399 615 456 ciuitate
644 399 704 454 dei
731 399 797 455 lib.
821 399 896 454 xm.
925 416 999 472 rap.
1024 400 1048 455 8.
1073 401 1097 457 9.
1241 403 1306 468 625

158 598 363 672 morerentur,
396 594 543 678 quoniam
576 595 683 679 grauis
712 599 744 660 et
770 595 927 660 molestus
955 595 1024 660 eius
1052 593 1153 660 inerat
1180 614 1308 671 sensus3

158 720 220 784 quo
241 700 323 766 male
338 699 417 766 bene
432 703 565 766 utuntur
583 701 667 766 beni.
685 701 816 768 Peraeta
834 703 940 766 autern
958 720 1044 767 mers
1059 721 1196 783 quonam
1214 700 1308 766 modo

157 809 212 872 uel
238 807 321 874 bona
347 810 401 873 uel
428 810 512 873 mala
539 813 599 887 est,
628 829 708 892 quae
736 809 799 874 iam
826 829 887 874 non
915 811 986 874 est?
1027 809 1124 874 Porro
1154 807 1182 874 si
1206 809 1309 874 adhue

157 913 343 998 diligentius
376 912 594 992 adtendamus,
627 933 685 980 nee
716 915 773 980 illa
801 933 885 980 mors
915 933 985 980 esse
1013 915 1187 1000 apparebit,
1217 914 1309 979 euius

125 1047 137 1084 e
157 1039 288 1104 grauem
311 1039 348 1086 ae
370 1020 542 1086 molestum
565 1023 597 1085 in
622 1021 830 1087 morientibus
855 1020 992 1087 diximus
1016 1041 1156 1086 sensum.
1195 1020 1310 1100 Quam-

157 1127 212 1191 diu
240 1127 322 1192 enim
350 1127 501 1206 sentiunt,
530 1127 634 1193 adhuc
662 1128 774 1212 utique
798 1129 923 1206 uiuunt,
948 1131 980 1194 et
1003 1129 1030 1192 si
1055 1127 1158 1193 adhue
1182 1128 1310 1206 uiuunt,

157 1237 229 1299 aute
257 1237 392 1299 mortem
420 1253 514 1317 quam
542 1234 574 1298 in
603 1239 705 1300 morte
732 1235 839 1317 petius
869 1253 938 1299 esse
968 1234 1093 1300 dicendi
1117 1236 1206 1312 sunt;
1236 1233 1311 1318 quia

156 1341 221 1418 illa,
247 1360 319 1405 eum
343 1340 477 1418 uenerit,
502 1343 605 1406 aufert
628 1360 753 1406 omnem
777 1340 917 1426 corperis
942 1359 1081 1420 sensum,
1106 1341 1160 1424 qui
1185 1360 1222 1406 ea
1240 1360 1309 1424 pro-

155 1447 328 1531 pinquante
351 1448 507 1513 molestus
532 1451 590 1512 est.
614 1449 661 1513 Ae
683 1467 738 1532 per
761 1447 822 1513 hoe
841 1467 903 1532 que
922 1446 1016 1514 modo
1035 1447 1207 1512 morientes
1227 1447 1310 1512 dica-

113 1581 137 1618 ιο
156 1573 228 1619 mus
253 1573 318 1634 eos,
343 1555 396 1638 qui
424 1553 563 1620 nendum
591 1555 709 1620 mortui
738 1559 824 1632 sunt,
848 1555 904 1620 sed
926 1553 1098 1620 inminente
1121 1557 1223 1618 morte
1246 1553 1309 1618 ianr

156 1665 294 1726 extrema
327 1663 359 1726 et
390 1662 553 1727 mortifere
584 1661 763 1727 adflictione
795 1663 962 1739 iactantur,
995 1661 1149 1745 explicare
1182 1660 1311 1725 difficile

157 1769 216 1845 est,
246 1767 372 1832 etiamsi
399 1770 485 1834 reete
511 1767 567 1834 isti
595 1768 794 1851 appellantur
817 1768 997 1846 morientes,
1021 1767 1104 1851 quia,
1130 1787 1202 1832 cum
1225 1785 1311 1832 mors

157 1892 236 1957 qnae
264 1874 328 1939 iam
351 1873 501 1956 inpendet
524 1875 697 1950 aduenerit,
721 1895 782 1940 non
806 1875 988 1952 merientes,
1013 1874 1070 1939 sed
1093 1871 1211 1940 mortui
1234 1893 1311 1938 uun·

156 1985 320 2064 enpantur.
343 1979 461 2045 Nullus
485 1983 535 2046 est
557 2000 631 2066 ergo
656 1981 793 2046 moriens
817 1981 879 2046 nisi
902 1981 1027 2058 umens,
1053 1979 1212 2063 queniam,
1237 1999 1310 2045 eum

111 2111 137 2149 re
155 2087 187 2150 in
220 2089 309 2152 tanta
341 2090 392 2152 est
423 2089 620 2154 extremitate
652 2087 749 2166 uitae,
782 2089 814 2152 in
847 2091 964 2172 quanta
996 2091 1072 2152 sunt
1104 2106 1184 2170 quos
1218 2105 1311 2170 agere

157 2192 293 2258 animam
325 2191 472 2272 dicimus,
504 2194 645 2277 profecto
679 2193 734 2278 qui
767 2194 906 2259 nondum
939 2192 1043 2259 anima
1075 2193 1179 2258 caruit
1206 2191 1310 2257 adhue

156 2299 250 2364 uiuit.
288 2299 376 2364 Idem
402 2300 473 2383 ipse
499 2300 599 2385 igitur
627 2299 725 2365 simul
753 2305 785 2364 et
812 2301 949 2366 moriens
973 2303 1024 2364 est
1046 2302 1078 2364 et
1100 2299 1227 2374 uiuens,
1252 2297 1309 2363 sed

157 2405 253 2472 morti
281 2405 443 2484 accedens,
469 2407 537 2471 uita
560 2407 688 2485 eedens;
718 2407 821 2472 adhue
844 2406 1004 2472 tamenin
1029 2405 1106 2482 uita,
1132 2404 1205 2487 quia
1228 2404 1313 2468 inest

159 2513 264 2578 anima
283 2513 419 2596 eorpori;
439 2513 578 2579 nendum
599 2517 706 2579 autern
725 2513 756 2578 in
776 2517 889 2593 morte,
909 2515 984 2597 quia
1001 2511 1141 2578 nendum
1156 2509 1313 2576 abscessit

114 2639 177 2684 sea
206 2638 345 2702 eernere.
384 2619 447 2686 Sed
475 2620 513 2696 si,
542 2639 615 2686 eum
642 2621 843 2696 abseesserit
871 2639 929 2686 nee
958 2623 1034 2685 tune
1062 2619 1094 2683 in
1117 2621 1229 2695 morte,
1253 2615 1310 2682 sed

158 2729 393 2810 postmortem
420 2727 528 2811 potius
556 2727 630 2792 erit:
664 2727 788 2811 quando
816 2728 919 2792 sitin
947 2729 1048 2792 morte
1076 2725 1147 2809 quis
1177 2721 1311 2788 dixerit?

159 2832 242 2898 Nam
273 2851 375 2916 neque
407 2832 493 2898 nllus
525 2833 664 2899 moriens
692 2835 762 2913 erit,
791 2835 819 2900 si
846 2834 983 2910 moriens
1012 2835 1044 2897 et
1071 2833 1183 2896 uiuens
1213 2828 1310 2894 simul

160 2957 232 3004 esse
263 2939 371 3004 nullus
402 2942 520 3022 potest.
563 2937 721 3019 Quamdiu
753 2941 870 3025 quippe
903 2940 1006 3006 anima
1032 2937 1064 3003 in
1094 2955 1223 3020 comere
1252 2938 1311 3014 est,

160 3065 221 3112 non
245 3064 417 3129 possumus
440 3065 554 3129 negare
578 3047 751 3112 uiuentem.
775 3046 841 3111 Aut
864 3046 892 3111 si
915 3045 1052 3110 moriens
1075 3043 1183 3127 petius
1208 3041 1312 3105 dieen-

116 3179 144 3219 rs
162 3153 223 3218 dus
252 3156 310 3232 est,
337 3153 369 3218 in
393 3153 485 3218 euius
507 3153 571 3218 ianr
596 3171 725 3237 corpore
750 3154 856 3238 agitur
882 3155 921 3216 ut
948 3151 1110 3229 meriatur,
1135 3167 1192 3213 nee
1216 3145 1313 3212 simul

163 3241 334 3342 duisquam
360 3262 468 3344 potest
496 3279 565 3324 esse
593 3259 708 3325 uinens
736 3262 769 3324 et
796 3259 948 3325 moriens:
981 3256 1087 3322 neseio
1117 3253 1240 3339 qnando
1270 3251 1313 3316 sit

164 3386 288 3433 umens.

1206 3559 1225 3585 ΙΙ

202 3600 293 3653 leius
312 3615 389 3666 παις
407 3601 480 3654 eise
533 3601 623 3670 2que
642 3597 722 3654 modo
743 3597 796 3664 al,-
815 3596 932 3668 quodam
950 3595 1060 3651 modae
1114 3593 1269 3664 5quandiu
1289 3593 1315 3647 V

165 3690 199 3744 13
218 3688 354 3760 impendit
373 3707 392 3742 a
474 3690 506 3743 14
526 3693 568 3743 est
585 3705 636 3744 om.
658 3690 668 3743 l
748 3687 781 3742 18
801 3687 915 3742 eredens
939 3686 976 3753 V‚·
994 3685 1091 3740 cedens
1112 3684 1214 3754 actm
1233 3683 1311 3738 deee-

165 3777 232 3832 dens
250 3779 291 3833 be
381 3779 414 3832 19
433 3777 461 3832 in
481 3776 620 3848 eorporel
727 3775 991 3846 autern1tamenV
1094 3775 1121 3826 in
1140 3777 1255 3828 mortem
1274 3769 1313 3826 tl

165 3869 200 3922 20
218 3883 268 3922 nec
286 3881 337 3921 om.
357 3866 383 3920 V
434 3867 468 3922 22
488 3868 539 3921 erit
558 3868 582 3920 si
598 3866 717 3920 moriens
731 3882 811 3921 ωηο
865 3862 1133 3934 26petensesaeV
1204 3859 1311 3931 quando

165 3975 187 4011 s.
206 3973 232 4009 u.
252 3972 378 4012 nescios

194 4431 275 4472 XXXX
290 4429 349 4479 sug.
364 4439 434 4480 opera
448 4428 522 4469 Sestio
536 4427 555 4468 V
570 4437 624 4478 pars
638 4427 656 4467 1.
