3164 4932
395 455 444 510 De
472 456 645 511 ciuitate
673 455 733 509 dai
761 445 826 512 lib.
853 453 928 509 XIII.
956 471 1031 526 eap.
1055 457 1080 510 4.
1245 459 1311 523 619

160 650 226 732 peti
253 655 399 734 possunt,
429 669 508 734 quae
537 651 674 716 animam
703 651 841 734 seiungit
863 670 882 714 a
905 669 1048 734 eorpore;
1077 651 1108 714 in
1138 651 1310 716 secundam

159 775 236 822 uero
267 757 357 822 illam
390 757 458 822 sine
485 757 546 822 fine
573 757 738 840 poenalem
765 756 890 822 liberati
919 776 937 821 a
964 757 1087 840 peceati
1117 756 1312 841 obligatione

161 883 222 929 non
246 867 417 930 transeunt.

621 1037 757 1106 CAPUT
781 1039 855 1105 IIII.

130 1177 271 1258 sQuur
303 1180 347 1245 ab
381 1181 455 1254 his,
488 1180 556 1262 qui
587 1199 656 1262 per
689 1180 862 1262 gratiam
890 1183 1218 1265 regenerationis
1247 1183 1306 1246 ab·

162 1285 293 1351 soluti
322 1290 417 1351 sunt
444 1305 462 1351 a
485 1289 664 1369 peooato,
693 1305 767 1352 non
797 1287 1010 1353 auferatur
1037 1307 1152 1364 mors,
1181 1288 1221 1352 id
1250 1292 1313 1354 est

576 1412 702 1476 poena
725 1396 896 1476 peooati.

207 1533 240 1600 Si
269 1554 363 1619 quem
391 1537 610 1612 noromensi,
636 1554 718 1618 quur
740 1538 794 1601 uel
816 1537 919 1619 ipsam
942 1537 1113 1620 patiantur,
1137 1537 1165 1601 si
1189 1537 1313 1620 etipsa

162 1641 283 1724 peceati
309 1645 411 1723 poena
438 1643 498 1720 est,
526 1661 660 1728 quorum
687 1662 744 1726 per
771 1643 905 1726 gratiam
932 1647 1038 1709 reatus
1063 1644 1220 1716 aboletur:
1249 1639 1312 1707 iarn¹

117 1770 143 1810 ιο
161 1748 224 1812 ista
243 1747 387 1832 quaestio
405 1747 436 1812 in
457 1747 519 1812 alio
538 1751 645 1814 nostro
666 1767 771 1832 opere,
790 1750 876 1834 quod
894 1751 1081 1833 scripsimus
1102 1750 1139 1815 de
1154 1750 1314 1833 baptismo

161 1854 377 1939 paruulorum,
410 1857 545 1922 tractata
577 1875 613 1920 ao
647 1857 752 1921 soluta
780 1861 842 1930 est:
877 1857 933 1922 ubi
960 1857 1081 1923 dietum
1110 1861 1159 1922 est
1187 1857 1226 1922 ad
1253 1858 1316 1924 hoo

160 1961 297 2044 solioqui
320 1962 442 2027 animae
462 1963 711 2044 experimentum
736 1964 944 2048 separationis
968 1983 1145 2048 prospere,
1166 1965 1314 2048 quamuis

97 2067 106 2080 ‘
163 2068 268 2133 ablato
301 2069 364 2133 iam
397 2069 537 2134 oriminis
569 2089 659 2145 nexu,
694 2071 852 2153 quoniam,
885 2071 914 2136 si
940 2071 1184 2156 regenerationis
1213 2065 1315 2135 saera·

163 2177 305 2240 mentum
339 2176 488 2242 continuo
522 2179 705 2260 sequeretur·
727 2177 936 2243 inmortaIItas
966 2177 1116 2260 corporis,
1139 2177 1209 2260 ipsa
1235 2177 1315 2242 fides'

118 2303 144 2344 rs
164 2284 375 2362 enarraretur,
409 2301 488 2366 quae
520 2286 596 2347 tuno
629 2288 678 2348 est
704 2283 794 2357 fides,
824 2283 952 2368 quando
977 2287 1159 2368 expectatur
1186 2284 1217 2348 in
1246 2303 1313 2365 spe,

164 2389 249 2473 quod
272 2389 304 2454 iu
327 2407 359 2453 re
381 2389 520 2454 nondum
544 2389 682 2454 uidetur.
714 2389 802 2454 Fidei
827 2392 932 2459 autem
957 2391 1068 2455 robore
1092 2390 1193 2472 adque
1218 2384 1315 2454 oerta'·

164 2495 259 2574 mine,
284 2495 316 2560 in
348 2496 520 2560 maioribus
553 2496 717 2560 dumtaxat
749 2496 916 2575 aetatibus,
949 2497 1045 2562 etiam
1073 2497 1185 2561 mortis
1212 2496 1318 2560 fuerat

165 2603 363 2686 superandus
385 2603 491 2677 mmor,
511 2602 595 2686 quod
615 2602 646 2666 in
666 2603 785 2668 sanetis
803 2603 995 2688 martyribus
1013 2603 1148 2667 maxime
1167 2601 1316 2677 eminuit;

166 2709 258 2774 ouius
291 2710 431 2792 proiecto
465 2710 645 2774 certaminis
679 2714 765 2794 esset
797 2710 884 2774 nulia
915 2710 1061 2790 uictoria,
1094 2711 1182 2775 nulla
1215 2708 1317 2794 gloria

120 2839 147 2878 eo
166 2813 257 2901 (quia
282 2833 339 2880 neo
365 2815 473 2899 ipsum
498 2816 623 2880 omnino
647 2819 758 2899 posset
782 2835 852 2882 esse
876 2814 1058 2900 certamen),
1083 2817 1111 2881 si
1133 2818 1208 2898 post
1228 2815 1316 2880 laua-

166 2940 254 2986 erum
286 2921 533 3006 regenerationis
565 2922 628 2986 iam
657 2923 759 2986 sanati
786 2943 846 2988 non
874 2927 1004 3006 possent
1032 2927 1166 2988 mortem
1193 2920 1314 3005 perpet'

166 3028 371 3111 corporalem·
418 3027 497 3093 Cum
535 3028 678 3111 paruulis
710 3031 815 3094 autern
848 3028 1045 3111 baptisandis
1078 3028 1150 3110 quIs
1182 3045 1243 3092 non
1277 3027 1315 3090 ad

166 3135 286 3202 Christi
313 3135 447 3219 gratiam
475 3139 642 3219 propterea
669 3136 778 3219 potius
807 3140 955 3215 curreret,
984 3155 1023 3200 ne
1051 3155 1069 3200 a
1097 3153 1225 3217 corpore
1254 3135 1315 3199 sol-

165 3245 315 3306 ueretur?
356 3241 467 3324 adque
499 3241 544 3305 ita
576 3261 637 3306 non
665 3242 822 3307 inuisibili
847 3243 986 3325 praemio
1013 3241 1199 3326 probaretur
1225 3240 1316 3318 fides,

120 3371 147 3412 ao
167 3347 224 3413 sad
257 3348 319 3412 iam
352 3367 410 3413 neo
441 3346 520 3412 fides
550 3349 645 3427 esset,
674 3349 842 3414 confestim
870 3349 920 3414 sui
949 3350 1051 3432 operis
1080 3347 1256 3431 quaerendo
1285 3351 1318 3412 et

166 3454 321 3520 sumendo
348 3455 537 3520 mercedem.
577 3455 670 3520 Nune
699 3475 773 3520 uero
802 3455 920 3521 maiore
945 3461 977 3520 st
1000 3455 1190 3520 mirabiliore
1214 3455 1316 3538 gratia

167 3560 344 3626 Saluatoris
368 3563 399 3625 in
423 3581 502 3626 usus
525 3562 668 3627 iustitiae
691 3563 814 3645 peceati
836 3581 938 3645 poena
961 3581 1113 3628 conuersa
1137 3566 1195 3626 est.
1228 3561 1316 3625 Tune

166 3668 251 3732 euim
274 3667 396 3732 dietum
419 3670 470 3732 est
492 3669 627 3734 homini:
652 3669 808 3747 Morieris,
834 3670 861 3734 si
879 3669 1074 3752 peccaueris:
1099 3687 1182 3733 nuno
1201 3667 1318 3732 dieitur

167 3773 312 3858 martyri:
340 3775 474 3854 Morere,
503 3795 541 3840 no
569 3794 691 3858 peones.
730 3775 816 3840 Tune
840 3775 958 3840 dictum
985 3780 1048 3840 est:
1074 3774 1108 3840 si
1130 3771 1315 3838 mandatum

259 3964 346 4028 1011,
367 3982 388 4020 o.
408 3965 442 4019 30
462 3981 521 4036 sqq.

203 4095 435 4166 2obligationam
458 4097 486 4149 V
537 4099 636 4152 5sunt
654 4095 811 4166 absolutip
872 4099 959 4151 bnon
980 4111 1031 4151 om.
1045 4114 1067 4167 p
1131 4099 1254 4168 9poena
1273 4099 1317 4151 est

165 4185 273 4255 peceati
292 4202 325 4253 ας
342 4187 550 4255 poenapeccati
566 4189 637 4240 esta
693 4187 726 4240 10
744 4187 772 4240 in
788 4186 841 4240 alio
855 4203 940 4255 usque
954 4186 994 4240 ad
1007 4185 1143 4255 baptismo
1157 4188 1189 4240 ier
1201 4203 1286 4257 marp.
1302 4203 1317 4240 o

165 4273 333 4327 babtismol
397 4275 430 4327 19
447 4274 524 4328 nulla
542 4277 649 4329 esseto
712 4275 747 4328 20
766 4275 882 4344 possiti
942 4276 977 4329 22
996 4275 1113 4328 babtit
1166 4277 1200 4330 28
1220 4275 1315 4337 dicim-

165 4361 260 4415 tan
312 4363 645 4417 29neeanoncorr.e
