3072 4928
410 443 462 496 De
490 441 668 496 ciuitate
697 441 758 496 dei
786 442 851 496 lib.
883 443 917 498 ll.
947 461 1022 514 cap.
1051 445 1095 498 21.
1282 447 1320 512 91

168 637 308 715 utilitas,
336 637 439 720 adque
468 655 504 702 er
530 635 597 700 illis
626 635 695 700 suia
722 635 959 702 definitionibus
989 637 1113 721 colligit
1145 640 1222 702 tuuc
1254 657 1324 704 esse

169 764 239 808 rem
268 744 440 827 publicam,
464 742 497 807 id
525 746 575 808 est
597 761 664 808 reru
688 742 809 826 populi,
835 762 907 808 curn
931 743 1010 808 bena
1034 761 1070 808 nc
1093 743 1179 808 iuste
1205 744 1326 828 geritur

171 851 243 916 siue
273 851 311 916 ab
336 869 397 914 uuo
421 869 495 934 rege
519 850 588 914 siue
613 868 631 914 a
653 849 763 931 paucis
788 849 995 931 optimatibus
1020 849 1088 914 siue
1112 851 1150 915 ab
1175 851 1324 916 uniuerso

169 958 303 1041 populo.
340 957 421 1023 Cum
451 977 528 1023 uero
561 957 700 1022 iniustus
733 961 784 1022 est
813 975 876 1034 rer,
911 975 1005 1040 quem
1037 959 1205 1040 tyranuum
1238 977 1325 1024 more

134 1064 295 1130 aGraeco
324 1063 507 1148 appellauit,
537 1067 593 1128 aut
619 1063 732 1128 iniusti
760 1063 940 1145 optimates,
968 1081 1103 1148 querum
1135 1082 1325 1130 consensum

171 1171 253 1235 dixit
280 1189 350 1236 esse
377 1169 558 1248 factionem,
588 1172 645 1235 cut
673 1170 814 1235 iniustus
847 1170 916 1253 ipse
949 1171 1097 1254 populus,
1127 1169 1179 1236 cui
1212 1189 1325 1234 nomen

171 1278 329 1342 usitatum
353 1294 414 1341 nou
436 1275 586 1359 repperit,
606 1275 668 1340 nisi
691 1279 729 1342 ut
752 1275 847 1340 etiam
866 1276 973 1358 ipsum
994 1279 1163 1360 tyranuum
1181 1281 1326 1341 uocaret:

172 1403 235 1448 nou
262 1383 325 1447 iarn
355 1383 516 1460 uitiosum,
542 1383 627 1448 sient
655 1383 755 1465 pridie
783 1382 887 1447 fuerat
915 1383 1126 1467 disputatum,
1150 1383 1216 1458 sed,
1241 1383 1327 1448 sicut

171 1491 254 1555 ratio
284 1509 320 1556 ex
346 1489 412 1554 illis
440 1489 677 1556 definitionibus
706 1507 823 1554 conexa
850 1489 1022 1569 docuisset,
1052 1490 1177 1556 omnino
1206 1490 1324 1554 unllam

122 1621 151 1662 ro
173 1616 246 1663 esse
283 1617 349 1662 rem
391 1598 562 1680 publicam,
600 1597 749 1680 quoniam
787 1616 847 1662 nou
886 1601 972 1662 esset
1006 1617 1057 1662 res
1093 1597 1214 1680 populi,
1253 1615 1326 1661 eum

173 1708 326 1788 tyrannus
350 1723 420 1768 eam
443 1703 582 1768 factione
605 1707 795 1788 capesseret,
815 1723 873 1769 uec
890 1703 959 1788 ipse
982 1703 1121 1786 populns
1145 1703 1327 1787 iampopu-

172 1811 225 1876 lus
260 1815 356 1888 esset,
391 1811 418 1874 si
454 1813 540 1876 esset
571 1810 721 1888 iniustus,
755 1810 903 1894 quoniam
936 1829 996 1876 uou
1030 1813 1116 1875 esset
1151 1809 1325 1874 multitudo

172 1917 252 1982 iuris
277 1935 434 1983 consensu
458 1920 491 1981 et
513 1917 664 1984 utilitatis
689 1917 908 1982 commuuione
933 1917 1063 1996 sociate,
1083 1916 1168 1981 sicut
1188 1917 1326 1999 populus

173 2024 280 2088 fuerat
302 2023 462 2089 definitus.

122 2151 151 2193 re
220 2129 353 2211 Quando
383 2149 457 2215 ergo
485 2149 536 2196 res
563 2129 694 2214 publica
716 2131 857 2196 Romana
884 2130 958 2194 talis
987 2132 1063 2206 erat,
1088 2129 1215 2212 qualem
1239 2127 1326 2192 illam

174 2237 327 2302 describit
351 2237 534 2318 Sallustius,
559 2255 619 2302 uon
648 2237 712 2302 iam
736 2238 875 2322 pessima
899 2255 934 2302 ac
958 2235 1219 2321 flagitiosissima,
1245 2235 1330 2301 sicut

173 2347 244 2428 ipsa
278 2344 332 2420 ait,
362 2343 419 2408 sed
451 2345 577 2409 omuino
610 2345 697 2409 nulla
729 2347 796 2410 erat
828 2343 1002 2409 secundum
1035 2343 1130 2408 istam
1161 2343 1327 2420 rationem,

175 2469 272 2532 quam
301 2449 474 2531 disputatio
504 2449 542 2513 de
570 2469 604 2513 re
631 2449 760 2532 publica
786 2448 869 2513 inter
895 2467 1027 2532 magnos
1056 2447 1124 2514 eius
1151 2449 1222 2512 turn
1246 2447 1327 2530 prin·

175 2557 264 2639 cipes
288 2555 398 2620 habita
419 2555 582 2638 patefecit.
606 2553 697 2621 Sicut
720 2555 816 2620 etiam
840 2556 909 2640 ipse
933 2555 1059 2620 Tullius
1083 2573 1144 2619 uon
1169 2554 1327 2637 Scipionis

122 2685 154 2726 eo
175 2681 234 2728 nec
268 2662 458 2744 cuiusquam
490 2661 632 2739 alterius,
661 2660 717 2726 sed
750 2681 807 2726 suo
841 2680 984 2726 sermone
1015 2662 1149 2743 loquens
1180 2661 1213 2724 in
1244 2660 1327 2744 priu-

175 2770 260 2853 cipio
285 2769 389 2852 quinti
410 2767 484 2832 libri
508 2773 753 2834 commemorato
776 2769 865 2851 prius
888 2769 982 2833 Ennii
1004 2771 1116 2852 poetae
1139 2786 1246 2846 uersu,
1266 2785 1327 2848 quo

176 2877 311 2942 dixerat:

384 2987 513 3046 Moribus
537 2987 665 3062 antiquis
689 3005 735 3047 res
757 2991 818 3046 stat
839 2987 971 3046 Romana
992 2985 1131 3060 uirisque,

176 3095 283 3171 ‘quem
312 3087 441 3170 quidem
468 3089 523 3154 ille
551 3107 692 3168 uersum,
714 3089 829 3172 iuquit,
854 3087 907 3152 uel
934 3087 1091 3152 breuitate
1118 3087 1171 3151 uel
1194 3085 1328 3150 ueritate

126 3217 157 3258 es
177 3200 343 3276 tamquam
380 3213 416 3258 ex
453 3195 580 3260 oraculo
618 3193 755 3278 quodam
791 3193 870 3258 mihi
909 3189 1004 3280 [esse]
1041 3192 1154 3257 effatus
1191 3191 1327 3258 uidetur.

178 3301 260 3366 Nam
284 3319 387 3384 neque
411 3301 483 3379 uiri,
506 3301 567 3366 uisi
590 3301 636 3366 ita
658 3303 779 3366 morata
803 3301 917 3366 ciuitas
941 3299 1067 3376 fuisset,
1091 3317 1191 3382 neque
1215 3317 1329 3368 mores.

178 3407 242 3472 nisi
275 3407 309 3472 bi
341 3407 403 3473 uiri
433 3407 654 3490 praefuissent,
688 3411 744 3472 aut
774 3407 905 3472 fundare
937 3409 993 3470 aut
1028 3408 1095 3470 tum
1132 3404 1187 3470 diu
1223 3409 1329 3469 tenere

178 3514 362 3597 potuissent
393 3517 512 3578 tantam
548 3517 580 3579 et
611 3518 677 3578 tam
708 3514 792 3579 iuste
828 3514 921 3598 louge
957 3513 1086 3595 lateque
1123 3511 1329 3595 imperantem

220 3793 232 3846 1
254 3791 435 3846 deflniouibus
457 3791 490 3846 0¹
562 3791 648 3845 thano
666 3789 725 3844 Lu
789 3790 805 3844 3
825 3807 841 3843 a
858 3790 930 3844 bono
949 3807 1014 3860 rege
1032 3789 1104 3856 Lm
1124 3807 1140 3844 u
1158 3806 1221 3859 rege
1240 3805 1293 3843 uno
1308 3805 1330 3858 p

180 3879 363 3952 SpridemO
416 3881 447 3934 11
468 3879 1147 3948 111111011οά11,ιωσοηὲ.Μο1·ιΙυ;111111111111111.
1204 3879 1236 3932 19
1255 3877 1331 3932 abitu

180 3997 243 4051 Lu
315 3997 347 4050 21
370 3961 645 4062 enniLme'niio
715 3995 749 4050 23
769 3997 855 4050 restat
875 3994 961 4050 C¹de
1032 3993 1331 4064 uirisque,leras.,L

182 4087 218 4141 25
237 4085 356 4156 quodam
375 4085 442 4139 mihi
460 4085 532 4150 um
552 4085 620 4139 mihi
639 4084 754 4154 quodam
775 4085 907 4138 Oreito
979 4101 1038 4138 ense
1057 4083 1159 4139 cmv
1231 4081 1331 4136 aliatus

184 4175 251 4239 a¹e;
272 4173 430 4228 effeetusO
517 4173 552 4228 28
572 4175 685 4244 ettam]
707 4173 831 4228 etiamG
919 4173 990 4226 iuste
1009 4173 1088 4230 codd.
1107 4177 1214 4242 eccepto
1235 4175 1264 4235 f,
1283 4171 1332 4240 qui

183 4263 286 4317 iniuste
305 4261 401 4329 baom-
419 4261 478 4316 iuee
498 4261 531 4330 ej,
550 4261 639 4316 Halm
659 4263 712 4330 (ed.
732 4261 787 4316 Cic.
806 4261 901 4329 Turia)
922 4266 946 4316 et
964 4263 1004 4316 eie
1018 4261 1116 4316 Domo.
1189 4259 1332 4329 expeditur

185 4351 261 4406 locus
278 4352 420 4420 scriptore
438 4351 497 4406 eod.
512 4367 548 4420 p:
567 4355 622 4405 tam
642 4353 713 4406 iuste
732 4353 813 4421 longe
832 4351 954 4420 lateque;
973 4351 1055 4420 louge
1074 4367 1126 4406 om.
1144 4349 1202 4404 rell,
