3108 4926
346 437 395 490 De
424 437 597 490 ciuitate
626 435 686 490 dei
713 437 778 492 lib.
808 437 868 491 VII.
898 455 973 508 esp.
998 439 1039 494 10.
1200 441 1264 505 317

119 633 323 715 Exponuntur
338 636 443 696 autem
458 632 490 695 in
511 631 620 697 eodem
638 633 719 698 libro
738 633 796 697 itu:
818 652 891 698 oum
910 653 1028 699 murem
1049 635 1266 700 existimarent

120 739 169 820 qui
197 759 308 804 semen
337 739 505 817 emitteret,
529 739 677 803 seminam
703 759 782 822 quae
806 741 973 824 aoeiporet,
996 741 1169 824 Iouemque
1194 723 1274 806 esse

119 845 271 909 muudum
287 847 319 908 et
334 865 406 909 eum
425 846 531 910 omnio
550 845 670 909 semina
689 865 724 910 er
744 865 777 910 se
798 847 941 910 emittere
962 850 994 910 et
1011 846 1043 910 in
1064 867 1097 912 se
1116 848 1263 931 reeipere,

118 953 195 1015 ‘oum
221 969 329 1028 eausa,
349 951 463 1034 inquit,
483 953 613 1036 scripsit
632 951 784 1018 Soranus:
809 953 953 1036 Iuppiter
971 954 1154 1038 progenitor
1173 973 1265 1038 gene-

86 1057 252 1141 strirque;
286 1077 344 1122 neo
377 1059 481 1123 minus
515 1077 586 1122 eum
620 1078 717 1123 causo
744 1078 841 1123 unum
872 1063 903 1123 et
933 1059 1037 1124 omniu
1064 1060 1148 1124 idem
1178 1079 1262 1136 esse;

117 1165 252 1229 muudus
279 1165 361 1228 euim
385 1183 477 1243 unus,
502 1169 534 1228 et
556 1165 586 1228 iu
612 1183 647 1230 eo
672 1184 734 1229 uno
759 1163 864 1229 omnia
888 1165 985 1230 sunt'

590 1407 726 1475 CAPUT
749 1410 788 1472 X.

277 1550 333 1615 An
356 1550 440 1616 Iani
464 1554 503 1614 et
525 1551 640 1614 Iouis
668 1554 781 1615 reete
809 1550 1007 1616 diseretio
1032 1553 1097 1618 sit.

156 1693 239 1759 Cum
273 1712 347 1777 ergo
381 1695 414 1756 et
441 1693 537 1756 Ianus
569 1691 707 1756 muudus
743 1692 785 1756 sit
818 1695 849 1755 et
877 1691 1021 1776 Iuppiter
1052 1693 1190 1758 mundus
1221 1695 1264 1759 sit

70 1819 259 1883 munusque
288 1800 331 1866 sit
358 1799 506 1878 mundus,
532 1817 628 1882 quare
657 1799 718 1864 duo
747 1799 779 1864 di
811 1803 886 1864 sunt
919 1800 1014 1864 Ianus
1044 1803 1077 1864 et
1099 1801 1263 1883 Iuppiter?

113 1905 214 1986 Quare
255 1925 383 1971 seorsus
420 1905 536 1970 hebent
573 1906 694 1988 templu
733 1924 859 1970 seorsus
898 1923 977 1983 aras,
1012 1905 1139 1970 diuersa
1175 1925 1264 1970 saure

112 2013 283 2078 dissimilia
306 2012 496 2076 simulacra?
537 2009 569 2076 Si
593 2017 768 2095 propterea,
793 2011 878 2094 quod
902 2011 963 2076 ulia
987 2012 1036 2076 uis
1061 2020 1110 2077 est
1133 2013 1264 2096 primor-

113 2119 248 2193 diorum,
274 2119 335 2183 uliu
360 2138 536 2194 causarum,
562 2120 594 2183 et
617 2118 673 2182 illu
695 2119 773 2197 Iani,
797 2119 853 2182 illa
875 2119 964 2183 Iouis
988 2137 1102 2183 nomen
1126 2119 1261 2203 aceepit:

111 2225 269 2308 numquid
293 2225 321 2288 si
343 2243 425 2289 unus
450 2225 544 2289 homo
567 2225 599 2288 in
624 2224 759 2290 diuersis
778 2227 873 2290 rebus
894 2225 972 2290 duas
992 2225 1107 2289 habeat
1125 2228 1262 2309 potestu-

68 2337 159 2398 retes
184 2337 243 2397 eut
268 2331 347 2395 duas
372 2335 464 2408 artes,
485 2331 560 2413 quia
583 2331 779 2416 singularum
805 2331 931 2396 diuersa
953 2331 1004 2396 uis
1028 2332 1261 2410 estimetur

110 2440 233 2505 iudices
254 2442 310 2504 aut
328 2437 390 2503 duo
410 2438 560 2502 dicuntur
578 2438 735 2502 artifices?
760 2437 812 2504 Sic
832 2457 907 2522 ergo
927 2441 959 2502 et
979 2457 1062 2503 unus
1081 2439 1168 2504 Deus
1189 2457 1261 2504 eum

109 2546 179 2628 ipse
213 2545 332 2610 habeut
362 2547 556 2628 potestatem
588 2543 843 2628 primordiorum,
876 2545 945 2626 ipse
978 2563 1155 2622 causarum,
1184 2563 1260 2607 num

108 2655 279 2737 propterea
293 2652 384 2715 illum
405 2651 484 2717 duos
505 2651 581 2715 deos
602 2671 672 2716 esse
691 2669 820 2716 necesso
839 2654 889 2715 est
908 2650 1022 2734 putari,
1039 2651 1113 2733 quia
1131 2650 1260 2732 primor-

108 2761 162 2825 die
189 2777 368 2841 causaeque
395 2777 445 2821 res
475 2757 554 2822 duae
584 2759 680 2825 sunt?
718 2757 809 2837 Quod
838 2757 865 2821 si
895 2757 955 2822 hoo
984 2757 1106 2822 iustum
1135 2759 1258 2840 putent,

67 2891 91 2930 20
108 2869 206 2932 etium
234 2866 341 2948 ipsum
365 2865 474 2930 Iouem
503 2867 552 2929 tot
579 2863 654 2929 deos
679 2883 749 2930 esse
772 2865 887 2941 dieunt,
914 2866 1069 2947 quotquot
1092 2864 1120 2926 ei
1145 2880 1259 2947 eogno-

107 2974 194 3038 minu
217 2975 346 3056 propter
368 2971 486 3036 multos
510 2975 685 3054 potestates
710 2969 874 3056 dederuut,
894 2970 1042 3052 quonium
1065 2989 1115 3034 res
1139 2987 1258 3047 omnes,

107 3099 142 3144 er
158 3079 278 3162 quibus
292 3078 346 3144 illo
367 3077 553 3162 cognomina
573 3081 648 3142 sunt
672 3077 823 3154 adhibita,
843 3079 963 3141 multae
988 3074 1090 3159 adque
1114 3076 1258 3141 diuersae

106 3191 194 3264 sunt,
219 3183 396 3267 exquibus
421 3203 522 3266 puuou
546 3202 769 3249 commemoro.

141 3526 299 3580 liteeum
322 3524 862 3594 Gobdelpq,·iteuteumoDumb.
937 3525 1123 3578 extimarente
1177 3526 1255 3578 3se·

104 3615 180 3668 minu.
201 3629 265 3682 sup.
289 3613 338 3667 tio.
365 3614 389 3667 0
524 3613 648 3667 emittere
672 3629 749 3681 ομ),-
773 3615 882 3666 mittere
909 3612 1062 3682 Oabdtp
1182 3629 1255 3667 rece-

104 3739 216 3809 pereC
293 3741 390 3792 ecum
411 3737 991 3808 Oen,-quuabequuorb.;inquap
1072 3713 1256 3801 ominosis

104 3881 191 3934 morp.
205 3824 275 3918 miro
289 3880 303 3916 e
353 3865 386 3918 10
401 3819 508 3932 artigi,
525 3861 586 3932 quii
596 3879 630 3916 m.
643 3879 706 3924 reo..
720 3879 738 3915 a
791 3864 822 3916 11
838 3879 957 3916 seorsum
969 3907 975 3918 .
988 3905 993 3916 .
1005 3879 1125 3916 seorsum
1140 3879 1159 3914 o
1169 3879 1182 3915 e
1192 3861 1255 3931 lpq

104 3953 210 4008 habent
227 3953 333 4022 templa
350 3968 457 4006 seorsus
474 3968 536 4021 sup.
556 3952 603 4005 liu.
627 3951 650 4005 0
721 3968 803 4020 quare
822 3967 941 4005 seorsum
961 3969 1019 4006 uras
1039 3969 1057 4005 a
1128 3952 1160 4004 12
1180 3950 1254 4004 disti·

104 4043 190 4107 miliu,
209 4039 271 4094 uisu
289 4041 321 4093 in
338 4041 444 4094 oratore
460 4041 553 4108 upute'o
571 4057 606 4092 m.
625 4044 641 4093 1
658 4040 690 4093 in
708 4056 775 4104 ras,
797 4039 820 4092 C
908 4039 1023 4112 uliaseit,
1042 4057 1076 4092 m.
1097 4043 1116 4092 2
1134 4054 1203 4092 eurr.
1222 4055 1255 4092 ex

104 4129 176 4185 alius
193 4129 240 4193 est,
259 4146 273 4184 e
311 4129 343 4182 13
362 4130 417 4182 istu
434 4128 507 4182 Iouis
521 4128 633 4182 Dumtr.¹
672 4131 704 4182 15
718 4145 756 4196 eq.
771 4128 875 4183 iudices
891 4128 942 4182 duo
962 4133 1009 4182 aut
1028 4127 1155 4181 dicuntur
1173 4126 1225 4180 duo
1241 4143 1255 4180 e

104 4256 139 4309 18
158 4257 302 4324 proptere
392 4215 527 4318 illumin
544 4269 630 4323 morp.
648 4215 753 4318 illos,e
839 4252 1028 4325 duor,',¹,¹sdeos,
1048 4268 1125 4306 eraso
1145 4252 1186 4305 bie
1200 4269 1252 4320 po·

101 4342 296 4408 ritedeosC
352 4343 384 4396 19
404 4347 432 4396 et
451 4358 579 4396 oaussee
