<?xml version="1.0" encoding="UTF-8"?>
<!DOCTYPE html PUBLIC "-//W3C//DTD XHTML 1.0 Transitional//EN"
    "http://www.w3.org/TR/xhtml1/DTD/xhtml1-transitional.dtd">
<html xmlns="http://www.w3.org/1999/xhtml" xml:lang="en" lang="en">
 <head>
  <title>
</title>
<meta http-equiv="Content-Type" content="text/html;charset=utf-8" />
  <meta name='ocr-system' content='tesseract 3.04.00' />
  <meta name='ocr-capabilities' content='ocr_page ocr_carea ocr_par ocr_line ocrx_word'/>
</head>
<body>
  <div class='ocr_page' id='page_1' title='image "./corpusscriptoru20wiengoog_0061.png"; bbox 0 0 3094 4932; ppageno 0'>
   <div class='ocr_carea' id='block_1_1' title="bbox 255 405 1063 476">
    <p class='ocr_par' dir='ltr' id='par_1_1' title="bbox 255 405 1063 476">
     <span class='ocr_line' id='line_1_1' title="bbox 255 405 1063 476; baseline -0.001 -12"><span class='ocrx_word' id='word_1_1' title='bbox 255 411 296 474; x_wconf 87' lang='lat'>30</span> <span class='ocrx_word' id='word_1_2' title='bbox 609 407 635 462; x_wconf 83' lang='lat' dir='ltr'>S.</span> <span class='ocrx_word' id='word_1_3' title='bbox 663 406 820 464; x_wconf 81' lang='lat' dir='ltr'>Aurelii</span> <span class='ocrx_word' id='word_1_4' title='bbox 847 405 1063 476; x_wconf 71' lang='lat' dir='ltr'><strong>Augustini</strong></span> 
     </span>
    </p>
   </div>
   <div class='ocr_carea' id='block_1_2' title="bbox 253 600 1449 1524">
    <p class='ocr_par' dir='ltr' id='par_1_2' title="bbox 253 600 1449 1524">
     <span class='ocr_line' id='line_1_2' title="bbox 254 600 1402 686; baseline 0 -20"><span class='ocrx_word' id='word_1_5' title='bbox 254 602 315 668; x_wconf 93' lang='lat' dir='ltr'>hoc</span> <span class='ocrx_word' id='word_1_6' title='bbox 342 603 525 668; x_wconf 78' lang='lat' dir='ltr'>intueantur</span> <span class='ocrx_word' id='word_1_7' title='bbox 551 604 742 680; x_wconf 76' lang='lat' dir='ltr'>attererent,</span> <span class='ocrx_word' id='word_1_8' title='bbox 767 603 822 685; x_wconf 91' lang='lat' dir='ltr'>qui</span> <span class='ocrx_word' id='word_1_9' title='bbox 846 601 1069 668; x_wconf 67' lang='lat' dir='ltr'><strong>saluberrimae</strong></span> <span class='ocrx_word' id='word_1_10' title='bbox 1091 601 1237 686; x_wconf 81' lang='lat' dir='ltr'>religioni</span> <span class='ocrx_word' id='word_1_11' title='bbox 1260 601 1333 666; x_wconf 91' lang='lat' dir='ltr'>hinc</span> <span class='ocrx_word' id='word_1_12' title='bbox 1357 600 1402 666; x_wconf 92' lang='lat' dir='ltr'>in·</span> 
     </span>
     <span class='ocr_line' id='line_1_3' title="bbox 254 707 1402 792; baseline 0 -19"><span class='ocrx_word' id='word_1_13' title='bbox 254 709 409 792; x_wconf 89' lang='lat' dir='ltr'>pudenter</span> <span class='ocrx_word' id='word_1_14' title='bbox 428 709 530 792; x_wconf 87' lang='lat' dir='ltr'>adque</span> <span class='ocrx_word' id='word_1_15' title='bbox 548 708 752 791; x_wconf 76' lang='lat' dir='ltr'>inprudenter</span> <span class='ocrx_word' id='word_1_16' title='bbox 770 709 928 788; x_wconf 84' lang='lat' dir='ltr'>inludunt,</span> <span class='ocrx_word' id='word_1_17' title='bbox 944 708 1028 792; x_wconf 77' lang='lat' dir='ltr'>quie,</span> <span class='ocrx_word' id='word_1_18' title='bbox 1044 708 1071 775; x_wconf 92' lang='lat' dir='ltr'>si</span> <span class='ocrx_word' id='word_1_19' title='bbox 1091 707 1138 772; x_wconf 90' lang='lat' dir='ltr'>dis</span> <span class='ocrx_word' id='word_1_20' title='bbox 1159 726 1267 774; x_wconf 87' lang='lat' dir='ltr'>eorum</span> <span class='ocrx_word' id='word_1_21' title='bbox 1286 708 1402 790; x_wconf 89' lang='lat' dir='ltr'>probro</span> 
     </span>
     <span class='ocr_line' id='line_1_4' title="bbox 254 814 1402 898; baseline 0 -18"><span class='ocrx_word' id='word_1_22' title='bbox 254 836 314 881; x_wconf 91' lang='lat' dir='ltr'>non</span> <span class='ocrx_word' id='word_1_23' title='bbox 343 816 414 892; x_wconf 87' lang='lat' dir='ltr'>fuit,</span> <span class='ocrx_word' id='word_1_24' title='bbox 443 815 528 898; x_wconf 93' lang='lat' dir='ltr'>quod</span> <span class='ocrx_word' id='word_1_25' title='bbox 560 815 800 882; x_wconf 72' lang='lat' dir='ltr'>attentissimus</span> <span class='ocrx_word' id='word_1_26' title='bbox 834 817 937 880; x_wconf 88' lang='lat' dir='ltr'>cultor</span> <span class='ocrx_word' id='word_1_27' title='bbox 967 814 1106 892; x_wconf 88' lang='lat' dir='ltr'>illorum,</span> <span class='ocrx_word' id='word_1_28' title='bbox 1136 814 1210 880; x_wconf 92' lang='lat' dir='ltr'>dnm</span> <span class='ocrx_word' id='word_1_29' title='bbox 1244 814 1289 879; x_wconf 89' lang='lat' dir='ltr'>eis</span> <span class='ocrx_word' id='word_1_30' title='bbox 1321 815 1402 880; x_wconf 88' lang='lat' dir='ltr'>iuris</span> 
     </span>
     <span class='ocr_line' id='line_1_5' title="bbox 253 921 1401 1004; baseline -0.002 -16"><span class='ocrx_word' id='word_1_31' title='bbox 253 923 377 988; x_wconf 87' lang='lat' dir='ltr'>iurandi</span> <span class='ocrx_word' id='word_1_32' title='bbox 404 922 499 988; x_wconf 88' lang='lat' dir='ltr'>fidem</span> <span class='ocrx_word' id='word_1_33' title='bbox 528 923 678 1002; x_wconf 84' lang='lat' dir='ltr'>seruaret,</span> <span class='ocrx_word' id='word_1_34' title='bbox 702 923 803 1004; x_wconf 85' lang='lat' dir='ltr'>patria</span> <span class='ocrx_word' id='word_1_35' title='bbox 826 923 937 1002; x_wconf 79' lang='lat' dir='ltr'>caruit,</span> <span class='ocrx_word' id='word_1_36' title='bbox 962 941 1035 986; x_wconf 90' lang='lat' dir='ltr'>cum</span> <span class='ocrx_word' id='word_1_37' title='bbox 1058 921 1152 987; x_wconf 86' lang='lat' dir='ltr'>alium</span> <span class='ocrx_word' id='word_1_38' title='bbox 1175 940 1236 985; x_wconf 92' lang='lat' dir='ltr'>non</span> <span class='ocrx_word' id='word_1_39' title='bbox 1259 921 1401 1000; x_wconf 86' lang='lat' dir='ltr'>haberet,</span> 
     </span>
     <span class='ocr_line' id='line_1_6' title="bbox 254 1028 1449 1114; baseline -0.001 -20"><span class='ocrx_word' id='word_1_40' title='bbox 254 1031 463 1114; x_wconf 82' lang='lat' dir='ltr'>captiuosque</span> <span class='ocrx_word' id='word_1_41' title='bbox 492 1035 570 1111; x_wconf 87' lang='lat' dir='ltr'>aput</span> <span class='ocrx_word' id='word_1_42' title='bbox 598 1030 708 1094; x_wconf 91' lang='lat' dir='ltr'>hostes</span> <span class='ocrx_word' id='word_1_43' title='bbox 732 1047 788 1111; x_wconf 89' lang='lat' dir='ltr'>per</span> <span class='ocrx_word' id='word_1_44' title='bbox 809 1028 936 1114; x_wconf 83' lang='lat' dir='ltr'>longam</span> <span class='ocrx_word' id='word_1_45' title='bbox 960 1031 1093 1094; x_wconf 87' lang='lat' dir='ltr'>mortem</span> <span class='ocrx_word' id='word_1_46' title='bbox 1119 1028 1276 1111; x_wconf 89' lang='lat' dir='ltr'>supplicio</span> <span class='ocrx_word' id='word_1_47' title='bbox 1300 1047 1402 1094; x_wconf 85' lang='lat' dir='ltr'>nouae</span> <span class='ocrx_word' id='word_1_48' title='bbox 1435 1045 1449 1085; x_wconf 65' lang='grc' dir='ltr'><strong><em>ι</em></strong></span> 
     </span>
     <span class='ocr_line' id='line_1_7' title="bbox 254 1134 1404 1216; baseline 0 -16"><span class='ocrx_word' id='word_1_49' title='bbox 254 1135 452 1203; x_wconf 80' lang='lat' dir='ltr'>crudelitatis</span> <span class='ocrx_word' id='word_1_50' title='bbox 476 1135 601 1200; x_wconf 88' lang='lat' dir='ltr'>occisus</span> <span class='ocrx_word' id='word_1_51' title='bbox 626 1137 684 1216; x_wconf 89' lang='lat' dir='ltr'>est,</span> <span class='ocrx_word' id='word_1_52' title='bbox 708 1135 809 1200; x_wconf 90' lang='lat' dir='ltr'>multo</span> <span class='ocrx_word' id='word_1_53' title='bbox 833 1135 938 1199; x_wconf 90' lang='lat' dir='ltr'>minue</span> <span class='ocrx_word' id='word_1_54' title='bbox 960 1154 1074 1200; x_wconf 90' lang='lat' dir='ltr'>nomen</span> <span class='ocrx_word' id='word_1_55' title='bbox 1098 1134 1328 1201; x_wconf 87' lang='lat' dir='ltr'>criminandum</span> <span class='ocrx_word' id='word_1_56' title='bbox 1352 1137 1404 1200; x_wconf 88' lang='lat' dir='ltr'>est</span> 
     </span>
     <span class='ocr_line' id='line_1_8' title="bbox 255 1241 1400 1325; baseline -0.004 -15"><span class='ocrx_word' id='word_1_57' title='bbox 255 1242 469 1310; x_wconf 78' lang='lat' dir='ltr'>Christianum</span> <span class='ocrx_word' id='word_1_58' title='bbox 496 1242 526 1306; x_wconf 88' lang='lat' dir='ltr'>in</span> <span class='ocrx_word' id='word_1_59' title='bbox 557 1241 742 1325; x_wconf 87' lang='lat' dir='ltr'>captiuitate</span> <span class='ocrx_word' id='word_1_60' title='bbox 771 1245 965 1306; x_wconf 85' lang='lat' dir='ltr'>sacratorum</span> <span class='ocrx_word' id='word_1_61' title='bbox 989 1260 1130 1318; x_wconf 84' lang='lat' dir='ltr'>sucrum,</span> <span class='ocrx_word' id='word_1_62' title='bbox 1155 1242 1209 1324; x_wconf 90' lang='lat' dir='ltr'>qni</span> <span class='ocrx_word' id='word_1_63' title='bbox 1233 1260 1400 1324; x_wconf 88' lang='lat' dir='ltr'>supernam</span> 
     </span>
     <span class='ocr_line' id='line_1_9' title="bbox 253 1347 1402 1434; baseline -0.003 -18"><span class='ocrx_word' id='word_1_64' title='bbox 253 1351 387 1434; x_wconf 86' lang='lat' dir='ltr'>patriam</span> <span class='ocrx_word' id='word_1_65' title='bbox 402 1349 506 1414; x_wconf 83' lang='lat' dir='ltr'>neraei</span> <span class='ocrx_word' id='word_1_66' title='bbox 521 1349 581 1414; x_wconf 89' lang='lat' dir='ltr'>lide</span> <span class='ocrx_word' id='word_1_67' title='bbox 598 1351 797 1432; x_wconf 83' lang='lat' dir='ltr'>expectentes</span> <span class='ocrx_word' id='word_1_68' title='bbox 817 1347 911 1413; x_wconf 90' lang='lat' dir='ltr'>etiam</span> <span class='ocrx_word' id='word_1_69' title='bbox 931 1348 963 1411; x_wconf 91' lang='lat' dir='ltr'>in</span> <span class='ocrx_word' id='word_1_70' title='bbox 983 1348 1050 1413; x_wconf 89' lang='lat' dir='ltr'>suis</span> <span class='ocrx_word' id='word_1_71' title='bbox 1070 1347 1200 1416; x_wconf 84' lang='lat' dir='ltr'>sedibus</span> <span class='ocrx_word' id='word_1_72' title='bbox 1218 1347 1402 1432; x_wconf 82' lang='lat' dir='ltr'>peregrinos</span> 
     </span>
     <span class='ocr_line' id='line_1_10' title="bbox 254 1457 570 1524; baseline -0.006 -3"><span class='ocrx_word' id='word_1_73' title='bbox 254 1476 288 1522; x_wconf 87' lang='lat' dir='ltr'>se</span> <span class='ocrx_word' id='word_1_74' title='bbox 312 1475 381 1524; x_wconf 89' lang='lat' dir='ltr'>esse</span> <span class='ocrx_word' id='word_1_75' title='bbox 405 1457 570 1522; x_wconf 87' lang='lat' dir='ltr'>nonerunt.</span> 
     </span>
    </p>
   </div>
   <div class='ocr_carea' id='block_1_3' title="bbox 707 1622 1448 1727">
    <p class='ocr_par' dir='ltr' id='par_1_3' title="bbox 707 1622 1448 1727">
     <span class='ocr_line' id='line_1_11' title="bbox 707 1622 1448 1727; baseline -0.008 -13"><span class='ocrx_word' id='word_1_76' title='bbox 707 1622 952 1714; x_wconf 77' lang='lat' dir='ltr'>enrdnrvr.</span> <span class='ocrx_word' id='word_1_77' title='bbox 1422 1687 1448 1727; x_wconf 56' lang='grc' dir='ltr'>ω</span> 
     </span>
    </p>
   </div>
   <div class='ocr_carea' id='block_1_4' title="bbox 252 1787 1401 2068">
    <p class='ocr_par' dir='ltr' id='par_1_4' title="bbox 252 1787 1401 2068">
     <span class='ocr_line' id='line_1_12' title="bbox 252 1787 1401 1872; baseline -0.003 -16"><span class='ocrx_word' id='word_1_78' title='bbox 252 1793 306 1856; x_wconf 87' lang='lat' dir='ltr'>An</span> <span class='ocrx_word' id='word_1_79' title='bbox 337 1790 505 1872; x_wconf 84' lang='lat' dir='ltr'>stupris,</span> <span class='ocrx_word' id='word_1_80' title='bbox 535 1809 632 1872; x_wconf 89' lang='lat' dir='ltr'>qnae</span> <span class='ocrx_word' id='word_1_81' title='bbox 662 1789 780 1854; x_wconf 88' lang='lat' dir='ltr'>etiam</span> <span class='ocrx_word' id='word_1_82' title='bbox 815 1807 1019 1854; x_wconf 79' lang='lat' dir='ltr'>sacrarum</span> <span class='ocrx_word' id='word_1_83' title='bbox 1052 1787 1158 1854; x_wconf 88' lang='lat' dir='ltr'>icrie</span> <span class='ocrx_word' id='word_1_84' title='bbox 1192 1787 1401 1872; x_wconf 86' lang='lat' dir='ltr'>uirginum</span> 
     </span>
     <span class='ocr_line' id='line_1_13' title="bbox 253 1894 1398 1980; baseline -0.003 -18"><span class='ocrx_word' id='word_1_85' title='bbox 253 1902 314 1962; x_wconf 90' lang='lat' dir='ltr'>est</span> <span class='ocrx_word' id='word_1_86' title='bbox 342 1915 463 1980; x_wconf 87' lang='lat' dir='ltr'>passa</span> <span class='ocrx_word' id='word_1_87' title='bbox 490 1895 728 1979; x_wconf 82' lang='lat' dir='ltr'>captiuitas‚</span> <span class='ocrx_word' id='word_1_88' title='bbox 754 1894 1021 1960; x_wconf 87' lang='lat' dir='ltr'>contaminari</span> <span class='ocrx_word' id='word_1_89' title='bbox 1050 1895 1237 1977; x_wconf 88' lang='lat' dir='ltr'>potuerit</span> <span class='ocrx_word' id='word_1_90' title='bbox 1261 1895 1398 1958; x_wconf 88' lang='lat' dir='ltr'>uirtus</span> 
     </span>
     <span class='ocr_line' id='line_1_14' title="bbox 471 2001 1175 2068; baseline -0.006 0"><span class='ocrx_word' id='word_1_91' title='bbox 471 2003 593 2068; x_wconf 89' lang='lat' dir='ltr'>animi</span> <span class='ocrx_word' id='word_1_92' title='bbox 619 2003 705 2068; x_wconf 89' lang='lat' dir='ltr'>sine</span> <span class='ocrx_word' id='word_1_93' title='bbox 729 2001 964 2067; x_wconf 88' lang='lat' dir='ltr'>uoluntatis</span> <span class='ocrx_word' id='word_1_94' title='bbox 989 2001 1175 2066; x_wconf 88' lang='lat' dir='ltr'>adsensu.</span> 
     </span>
    </p>
   </div>
   <div class='ocr_carea' id='block_1_5' title="bbox 251 2142 1447 3614">
    <p class='ocr_par' dir='ltr' id='par_1_5' title="bbox 251 2142 1447 3614">
     <span class='ocr_line' id='line_1_15' title="bbox 297 2142 1397 2227; baseline -0.004 -18"><span class='ocrx_word' id='word_1_95' title='bbox 297 2144 450 2227; x_wconf 82' lang='lat' dir='ltr'>Magnum</span> <span class='ocrx_word' id='word_1_96' title='bbox 483 2159 556 2208; x_wconf 83' lang='lat' dir='ltr'>sene</span> <span class='ocrx_word' id='word_1_97' title='bbox 589 2143 705 2208; x_wconf 84' lang='lat' dir='ltr'>crimen</span> <span class='ocrx_word' id='word_1_98' title='bbox 740 2163 773 2208; x_wconf 92' lang='lat' dir='ltr'>se</span> <span class='ocrx_word' id='word_1_99' title='bbox 804 2145 919 2225; x_wconf 86' lang='lat' dir='ltr'>putent</span> <span class='ocrx_word' id='word_1_100' title='bbox 947 2142 1069 2208; x_wconf 87' lang='lat' dir='ltr'>obicere</span> <span class='ocrx_word' id='word_1_101' title='bbox 1099 2142 1296 2220; x_wconf 82' lang='lat' dir='ltr'>Christianis,</span> <span class='ocrx_word' id='word_1_102' title='bbox 1325 2161 1397 2206; x_wconf 88' lang='lat' dir='ltr'>oum</span> 
     </span>
     <span class='ocr_line' id='line_1_16' title="bbox 253 2249 1445 2334; baseline 0.002 -19"><span class='ocrx_word' id='word_1_103' title='bbox 253 2269 360 2316; x_wconf 91' lang='lat' dir='ltr'>eorum</span> <span class='ocrx_word' id='word_1_104' title='bbox 377 2254 599 2334; x_wconf 83' lang='lat' dir='ltr'>exaggerantes</span> <span class='ocrx_word' id='word_1_105' title='bbox 615 2250 834 2334; x_wconf 85' lang='lat' dir='ltr'>captiuitatem</span> <span class='ocrx_word' id='word_1_106' title='bbox 851 2249 971 2314; x_wconf 83' lang='lat' dir='ltr'>addunt</span> <span class='ocrx_word' id='word_1_107' title='bbox 984 2249 1078 2314; x_wconf 85' lang='lat' dir='ltr'>eiiam</span> <span class='ocrx_word' id='word_1_108' title='bbox 1095 2252 1205 2331; x_wconf 88' lang='lat' dir='ltr'>stupra</span> <span class='ocrx_word' id='word_1_109' title='bbox 1219 2249 1399 2330; x_wconf 80' lang='lat' dir='ltr'>rummiens,</span> <span class='ocrx_word' id='word_1_110' title='bbox 1420 2278 1445 2319; x_wconf 67' lang='grc' dir='ltr'>ιε</span> 
     </span>
     <span class='ocr_line' id='line_1_17' title="bbox 251 2355 1401 2440; baseline -0.003 -18"><span class='ocrx_word' id='word_1_111' title='bbox 251 2377 312 2423; x_wconf 92' lang='lat' dir='ltr'>non</span> <span class='ocrx_word' id='word_1_112' title='bbox 347 2356 451 2422; x_wconf 90' lang='lat' dir='ltr'>solum</span> <span class='ocrx_word' id='word_1_113' title='bbox 482 2357 514 2420; x_wconf 90' lang='lat' dir='ltr'>in</span> <span class='ocrx_word' id='word_1_114' title='bbox 548 2357 651 2420; x_wconf 89' lang='lat' dir='ltr'>aliena</span> <span class='ocrx_word' id='word_1_115' title='bbox 682 2357 883 2422; x_wconf 86' lang='lat' dir='ltr'>matrimonia</span> <span class='ocrx_word' id='word_1_116' title='bbox 913 2356 1118 2440; x_wconf 84' lang='lat' dir='ltr'>uirginesque</span> <span class='ocrx_word' id='word_1_117' title='bbox 1150 2358 1313 2439; x_wconf 81' lang='lat' dir='ltr'>nupturas,</span> <span class='ocrx_word' id='word_1_118' title='bbox 1343 2355 1401 2420; x_wconf 89' lang='lat' dir='ltr'>sed</span> 
     </span>
     <span class='ocr_line' id='line_1_18' title="bbox 254 2461 1398 2546; baseline -0.003 -18"><span class='ocrx_word' id='word_1_119' title='bbox 254 2465 349 2528; x_wconf 86' lang='lat' dir='ltr'>etiam</span> <span class='ocrx_word' id='word_1_120' title='bbox 382 2464 413 2528; x_wconf 89' lang='lat' dir='ltr'>in</span> <span class='ocrx_word' id='word_1_121' title='bbox 447 2463 599 2546; x_wconf 84' lang='lat' dir='ltr'>quasdam</span> <span class='ocrx_word' id='word_1_122' title='bbox 632 2463 896 2528; x_wconf 86' lang='lat' dir='ltr'>sanctimoniales.</span> <span class='ocrx_word' id='word_1_123' title='bbox 938 2464 1000 2528; x_wconf 86' lang='lat' dir='ltr'>Hic</span> <span class='ocrx_word' id='word_1_124' title='bbox 1028 2482 1102 2528; x_wconf 89' lang='lat' dir='ltr'>uero</span> <span class='ocrx_word' id='word_1_125' title='bbox 1131 2482 1191 2528; x_wconf 89' lang='lat' dir='ltr'>non</span> <span class='ocrx_word' id='word_1_126' title='bbox 1219 2461 1308 2536; x_wconf 78' lang='lat' dir='ltr'>fides,</span> <span class='ocrx_word' id='word_1_127' title='bbox 1337 2482 1398 2526; x_wconf 92' lang='lat' dir='ltr'>non</span> 
     </span>
     <span class='ocr_line' id='line_1_19' title="bbox 253 2569 1399 2656; baseline -0.003 -20"><span class='ocrx_word' id='word_1_128' title='bbox 253 2573 365 2656; x_wconf 79' lang='lat' dir='ltr'>pietas,</span> <span class='ocrx_word' id='word_1_129' title='bbox 385 2592 446 2636; x_wconf 90' lang='lat' dir='ltr'>non</span> <span class='ocrx_word' id='word_1_130' title='bbox 470 2571 539 2654; x_wconf 84' lang='lat' dir='ltr'>ipse</span> <span class='ocrx_word' id='word_1_131' title='bbox 562 2571 675 2646; x_wconf 86' lang='lat' dir='ltr'>uirtus,</span> <span class='ocrx_word' id='word_1_132' title='bbox 696 2589 775 2653; x_wconf 85' lang='lat' dir='ltr'>quae</span> <span class='ocrx_word' id='word_1_133' title='bbox 796 2570 927 2635; x_wconf 87' lang='lat' dir='ltr'>castitas</span> <span class='ocrx_word' id='word_1_134' title='bbox 947 2570 1072 2647; x_wconf 86' lang='lat' dir='ltr'>dieitur,</span> <span class='ocrx_word' id='word_1_135' title='bbox 1093 2570 1148 2634; x_wconf 88' lang='lat' dir='ltr'>sed</span> <span class='ocrx_word' id='word_1_136' title='bbox 1166 2573 1274 2635; x_wconf 87' lang='lat' dir='ltr'>nostra</span> <span class='ocrx_word' id='word_1_137' title='bbox 1291 2569 1399 2652; x_wconf 91' lang='lat' dir='ltr'>potius</span> 
     </span>
     <span class='ocr_line' id='line_1_20' title="bbox 254 2677 1402 2764; baseline -0.005 -20"><span class='ocrx_word' id='word_1_138' title='bbox 254 2679 426 2764; x_wconf 84' lang='lat' dir='ltr'>disputatio</span> <span class='ocrx_word' id='word_1_139' title='bbox 450 2677 532 2742; x_wconf 87' lang='lat' dir='ltr'>inter</span> <span class='ocrx_word' id='word_1_140' title='bbox 553 2678 706 2759; x_wconf 90' lang='lat' dir='ltr'>pudorem</span> <span class='ocrx_word' id='word_1_141' title='bbox 730 2677 831 2760; x_wconf 88' lang='lat' dir='ltr'>adque</span> <span class='ocrx_word' id='word_1_142' title='bbox 855 2678 1009 2742; x_wconf 86' lang='lat' dir='ltr'>rationem</span> <span class='ocrx_word' id='word_1_143' title='bbox 1034 2677 1222 2760; x_wconf 86' lang='lat' dir='ltr'>quibusdam</span> <span class='ocrx_word' id='word_1_144' title='bbox 1243 2679 1402 2740; x_wconf 86' lang='lat' dir='ltr'>coartatur</span> 
     </span>
     <span class='ocr_line' id='line_1_21' title="bbox 253 2781 1446 2870; baseline -0.004 -20"><span class='ocrx_word' id='word_1_145' title='bbox 253 2785 419 2870; x_wconf 85' lang='lat' dir='ltr'>angustiis.</span> <span class='ocrx_word' id='word_1_146' title='bbox 456 2783 522 2849; x_wconf 87' lang='lat' dir='ltr'>Nee</span> <span class='ocrx_word' id='word_1_147' title='bbox 546 2789 668 2848; x_wconf 88' lang='lat' dir='ltr'>tantum</span> <span class='ocrx_word' id='word_1_148' title='bbox 692 2785 743 2848; x_wconf 90' lang='lat' dir='ltr'>hic</span> <span class='ocrx_word' id='word_1_149' title='bbox 769 2803 914 2848; x_wconf 87' lang='lat' dir='ltr'>curemus</span> <span class='ocrx_word' id='word_1_150' title='bbox 939 2784 1049 2849; x_wconf 86' lang='lat' dir='ltr'>alienis</span> <span class='ocrx_word' id='word_1_151' title='bbox 1073 2782 1307 2864; x_wconf 84' lang='lat' dir='ltr'>responsionem</span> <span class='ocrx_word' id='word_1_152' title='bbox 1332 2781 1400 2846; x_wconf 90' lang='lat' dir='ltr'>red·</span> <span class='ocrx_word' id='word_1_153' title='bbox 1420 2805 1446 2845; x_wconf 81' lang='lat' dir='ltr'>ro</span> 
     </span>
     <span class='ocr_line' id='line_1_22' title="bbox 253 2889 1400 2975; baseline -0.002 -19"><span class='ocrx_word' id='word_1_154' title='bbox 253 2893 336 2970; x_wconf 79' lang='lat' dir='ltr'>dere,</span> <span class='ocrx_word' id='word_1_155' title='bbox 357 2896 508 2975; x_wconf 84' lang='lat' dir='ltr'>quantum</span> <span class='ocrx_word' id='word_1_156' title='bbox 531 2891 610 2974; x_wconf 87' lang='lat' dir='ltr'>ipsis</span> <span class='ocrx_word' id='word_1_157' title='bbox 635 2893 750 2957; x_wconf 88' lang='lat' dir='ltr'>nostris</span> <span class='ocrx_word' id='word_1_158' title='bbox 771 2893 1029 2957; x_wconf 86' lang='lat' dir='ltr'>consolationem.</span> <span class='ocrx_word' id='word_1_159' title='bbox 1054 2891 1103 2957; x_wconf 83' lang='lat' dir='ltr'>Sit</span> <span class='ocrx_word' id='word_1_160' title='bbox 1120 2891 1221 2975; x_wconf 86' lang='lat' dir='ltr'>igitur</span> <span class='ocrx_word' id='word_1_161' title='bbox 1237 2891 1269 2954; x_wconf 93' lang='lat' dir='ltr'>in</span> <span class='ocrx_word' id='word_1_162' title='bbox 1289 2889 1400 2973; x_wconf 88' lang='lat' dir='ltr'>primis</span> 
     </span>
     <span class='ocr_line' id='line_1_23' title="bbox 253 2995 1400 3082; baseline -0.005 -18"><span class='ocrx_word' id='word_1_163' title='bbox 253 3000 393 3082; x_wconf 90' lang='lat' dir='ltr'>positum</span> <span class='ocrx_word' id='word_1_164' title='bbox 418 2999 519 3081; x_wconf 88' lang='lat' dir='ltr'>adque</span> <span class='ocrx_word' id='word_1_165' title='bbox 543 2997 702 3063; x_wconf 84' lang='lat' dir='ltr'>firmatum</span> <span class='ocrx_word' id='word_1_166' title='bbox 726 2999 969 3080; x_wconf 79' lang='lat' dir='ltr'>uirtutemque</span> <span class='ocrx_word' id='word_1_167' title='bbox 992 3001 1075 3063; x_wconf 90' lang='lat' dir='ltr'>recte</span> <span class='ocrx_word' id='word_1_168' title='bbox 1094 2997 1225 3074; x_wconf 88' lang='lat' dir='ltr'>uiuitur,</span> <span class='ocrx_word' id='word_1_169' title='bbox 1246 2997 1283 3061; x_wconf 87' lang='lat' dir='ltr'>ab</span> <span class='ocrx_word' id='word_1_170' title='bbox 1304 2995 1400 3060; x_wconf 85' lang='lat' dir='ltr'>animi</span> 
     </span>
     <span class='ocr_line' id='line_1_24' title="bbox 254 3102 1401 3189; baseline -0.005 -19"><span class='ocrx_word' id='word_1_171' title='bbox 254 3107 327 3172; x_wconf 90' lang='lat' dir='ltr'>sede</span> <span class='ocrx_word' id='word_1_172' title='bbox 355 3105 505 3170; x_wconf 89' lang='lat' dir='ltr'>membris</span> <span class='ocrx_word' id='word_1_173' title='bbox 535 3105 673 3189; x_wconf 88' lang='lat' dir='ltr'>corporis</span> <span class='ocrx_word' id='word_1_174' title='bbox 698 3107 851 3189; x_wconf 88' lang='lat' dir='ltr'>imperare</span> <span class='ocrx_word' id='word_1_175' title='bbox 876 3109 1083 3187; x_wconf 85' lang='lat' dir='ltr'>sanctumque</span> <span class='ocrx_word' id='word_1_176' title='bbox 1108 3123 1222 3187; x_wconf 88' lang='lat' dir='ltr'>corpus</span> <span class='ocrx_word' id='word_1_177' title='bbox 1247 3123 1308 3167; x_wconf 90' lang='lat' dir='ltr'>usu</span> <span class='ocrx_word' id='word_1_178' title='bbox 1332 3102 1401 3166; x_wconf 88' lang='lat' dir='ltr'>lieri</span> 
     </span>
     <span class='ocr_line' id='line_1_25' title="bbox 252 3208 1399 3295; baseline -0.005 -18"><span class='ocrx_word' id='word_1_179' title='bbox 252 3215 379 3277; x_wconf 82' lang='lat' dir='ltr'>sanctae</span> <span class='ocrx_word' id='word_1_180' title='bbox 403 3212 588 3290; x_wconf 83' lang='lat' dir='ltr'>uoluntatis,</span> <span class='ocrx_word' id='word_1_181' title='bbox 610 3232 670 3295; x_wconf 85' lang='lat' dir='ltr'>qua</span> <span class='ocrx_word' id='word_1_182' title='bbox 689 3213 878 3277; x_wconf 87' lang='lat' dir='ltr'>inconeussa</span> <span class='ocrx_word' id='word_1_183' title='bbox 897 3231 932 3277; x_wconf 88' lang='lat' dir='ltr'>ec</span> <span class='ocrx_word' id='word_1_184' title='bbox 952 3212 1060 3276; x_wconf 84' lang='lat' dir='ltr'>stabili</span> <span class='ocrx_word' id='word_1_185' title='bbox 1079 3213 1290 3295; x_wconf 85' lang='lat' dir='ltr'>permanente,</span> <span class='ocrx_word' id='word_1_186' title='bbox 1311 3208 1399 3291; x_wconf 90' lang='lat' dir='ltr'>quid-</span> 
     </span>
     <span class='ocr_line' id='line_1_26' title="bbox 254 3317 1447 3402; baseline -0.003 -20"><span class='ocrx_word' id='word_1_187' title='bbox 254 3319 328 3401; x_wconf 86' lang='lat' dir='ltr'>quid</span> <span class='ocrx_word' id='word_1_188' title='bbox 352 3319 433 3384; x_wconf 93' lang='lat' dir='ltr'>alius</span> <span class='ocrx_word' id='word_1_189' title='bbox 459 3319 497 3384; x_wconf 90' lang='lat' dir='ltr'>de</span> <span class='ocrx_word' id='word_1_190' title='bbox 522 3337 650 3402; x_wconf 86' lang='lat' dir='ltr'>corpore</span> <span class='ocrx_word' id='word_1_191' title='bbox 670 3321 722 3383; x_wconf 89' lang='lat' dir='ltr'>uel</span> <span class='ocrx_word' id='word_1_192' title='bbox 741 3319 773 3382; x_wconf 92' lang='lat' dir='ltr'>in</span> <span class='ocrx_word' id='word_1_193' title='bbox 793 3338 920 3401; x_wconf 89' lang='lat' dir='ltr'>corpore</span> <span class='ocrx_word' id='word_1_194' title='bbox 940 3319 1060 3396; x_wconf 82' lang='lat' dir='ltr'>fecerit,</span> <span class='ocrx_word' id='word_1_195' title='bbox 1080 3317 1164 3399; x_wconf 89' lang='lat' dir='ltr'>quod</span> <span class='ocrx_word' id='word_1_196' title='bbox 1183 3317 1251 3382; x_wconf 88' lang='lat' dir='ltr'>eine</span> <span class='ocrx_word' id='word_1_197' title='bbox 1269 3319 1400 3399; x_wconf 88' lang='lat' dir='ltr'>peccato</span> <span class='ocrx_word' id='word_1_198' title='bbox 1420 3337 1447 3379; x_wconf 77' lang='lat' dir='ltr'>ec</span> 
     </span>
     <span class='ocr_line' id='line_1_27' title="bbox 252 3422 1400 3508; baseline -0.002 -20"><span class='ocrx_word' id='word_1_199' title='bbox 252 3424 376 3508; x_wconf 87' lang='lat' dir='ltr'>proprio</span> <span class='ocrx_word' id='word_1_200' title='bbox 401 3444 461 3489; x_wconf 93' lang='lat' dir='ltr'>non</span> <span class='ocrx_word' id='word_1_201' title='bbox 486 3425 593 3490; x_wconf 84' lang='lat' dir='ltr'>ualeat</span> <span class='ocrx_word' id='word_1_202' title='bbox 616 3425 740 3502; x_wconf 74' lang='lat' dir='ltr'>cultori,</span> <span class='ocrx_word' id='word_1_203' title='bbox 764 3430 888 3508; x_wconf 84' lang='lat' dir='ltr'>praeter</span> <span class='ocrx_word' id='word_1_204' title='bbox 911 3427 1036 3508; x_wconf 87' lang='lat' dir='ltr'>culpam</span> <span class='ocrx_word' id='word_1_205' title='bbox 1062 3443 1131 3488; x_wconf 89' lang='lat' dir='ltr'>esse</span> <span class='ocrx_word' id='word_1_206' title='bbox 1155 3423 1313 3507; x_wconf 88' lang='lat' dir='ltr'>patientis.</span> <span class='ocrx_word' id='word_1_207' title='bbox 1339 3422 1400 3487; x_wconf 86' lang='lat' dir='ltr'>Sed</span> 
     </span>
     <span class='ocr_line' id='line_1_28' title="bbox 253 3529 1401 3614; baseline -0.003 -18"><span class='ocrx_word' id='word_1_208' title='bbox 253 3532 411 3613; x_wconf 87' lang='lat' dir='ltr'>quianon</span> <span class='ocrx_word' id='word_1_209' title='bbox 436 3532 540 3596; x_wconf 90' lang='lat' dir='ltr'>solum</span> <span class='ocrx_word' id='word_1_210' title='bbox 565 3533 649 3614; x_wconf 87' lang='lat' dir='ltr'>quod</span> <span class='ocrx_word' id='word_1_211' title='bbox 673 3529 711 3596; x_wconf 88' lang='lat' dir='ltr'>ad</span> <span class='ocrx_word' id='word_1_212' title='bbox 736 3533 886 3610; x_wconf 86' lang='lat' dir='ltr'>dolorem,</span> <span class='ocrx_word' id='word_1_213' title='bbox 906 3551 1018 3596; x_wconf 90' lang='lat' dir='ltr'>uerum</span> <span class='ocrx_word' id='word_1_214' title='bbox 1042 3532 1137 3595; x_wconf 89' lang='lat' dir='ltr'>etiam</span> <span class='ocrx_word' id='word_1_215' title='bbox 1163 3529 1247 3612; x_wconf 89' lang='lat' dir='ltr'>quod</span> <span class='ocrx_word' id='word_1_216' title='bbox 1271 3530 1311 3592; x_wconf 87' lang='lat' dir='ltr'>ad</span> <span class='ocrx_word' id='word_1_217' title='bbox 1329 3529 1401 3593; x_wconf 89' lang='lat' dir='ltr'>libi-</span> 
     </span>
    </p>
   </div>
   <div class='ocr_carea' id='block_1_6' title="bbox 342 3756 586 3820">
    <p class='ocr_par' dir='ltr' id='par_1_6' title="bbox 342 3756 586 3820">
     <span class='ocr_line' id='line_1_29' title="bbox 342 3756 586 3820; baseline 0 -9"><span class='ocrx_word' id='word_1_218' title='bbox 342 3756 358 3811; x_wconf 83' lang='lat'>8</span> <span class='ocrx_word' id='word_1_219' title='bbox 377 3757 449 3810; x_wconf 85' lang='lat' dir='ltr'>Peir.</span> <span class='ocrx_word' id='word_1_220' title='bbox 468 3757 490 3820; x_wconf 87' lang='grc' dir='ltr'>Ι,</span> <span class='ocrx_word' id='word_1_221' title='bbox 510 3759 534 3818; x_wconf 91' lang='grc'>2,</span> <span class='ocrx_word' id='word_1_222' title='bbox 557 3759 586 3811; x_wconf 90' lang='grc'>11</span> 
     </span>
    </p>
   </div>
   <div class='ocr_carea' id='block_1_7' title="bbox 266 3878 1402 3985">
    <p class='ocr_par' dir='ltr' id='par_1_7' title="bbox 266 3878 1402 3985">
     <span class='ocr_line' id='line_1_30' title="bbox 266 3878 1402 3985; baseline -0.002 -51"><span class='ocrx_word' id='word_1_223' title='bbox 266 3881 516 3985; x_wconf 54' lang='lat' dir='ltr'>noirfflluumime</span> <span class='ocrx_word' id='word_1_224' title='bbox 534 3881 604 3936; x_wconf 87' lang='lat' dir='ltr'>LA¹</span> <span class='ocrx_word' id='word_1_225' title='bbox 695 3881 710 3932; x_wconf 91' lang='grc'>2</span> <span class='ocrx_word' id='word_1_226' title='bbox 731 3880 817 3950; x_wconf 86' lang='lat' dir='ltr'>adque</span> <span class='ocrx_word' id='word_1_227' title='bbox 835 3879 942 3950; x_wconf 89' lang='lat' dir='ltr'>inprnd.</span> <span class='ocrx_word' id='word_1_228' title='bbox 963 3897 1047 3934; x_wconf 78' lang='lat' dir='ltr'>ome</span> <span class='ocrx_word' id='word_1_229' title='bbox 1152 3879 1269 3950; x_wconf 85' lang='lat' dir='ltr'>quiesi]</span> <span class='ocrx_word' id='word_1_230' title='bbox 1291 3878 1402 3950; x_wconf 82' lang='lat' dir='ltr'>quaele</span> 
     </span>
    </p>
   </div>
   <div class='ocr_carea' id='block_1_8' title="bbox 250 3995 1400 4067">
    <p class='ocr_par' dir='ltr' id='par_1_8' title="bbox 250 3995 1400 4067">
     <span class='ocr_line' id='line_1_31' title="bbox 250 3995 1400 4067; baseline -0.003 -17"><span class='ocrx_word' id='word_1_231' title='bbox 250 3995 318 4066; x_wconf 69' lang='lat' dir='ltr'>tides</span> <span class='ocrx_word' id='word_1_232' title='bbox 340 3997 364 4050; x_wconf 80' lang='grc'><em>0</em></span> <span class='ocrx_word' id='word_1_233' title='bbox 453 3997 468 4050; x_wconf 86' lang='lat'>3</span> <span class='ocrx_word' id='word_1_234' title='bbox 488 3998 554 4067; x_wconf 87' lang='lat' dir='ltr'>quot</span> <span class='ocrx_word' id='word_1_235' title='bbox 575 3997 608 4050; x_wconf 82' lang='lat'>0¹</span> <span class='ocrx_word' id='word_1_236' title='bbox 695 3998 709 4050; x_wconf 84' lang='grc'><strong>7</strong></span> <span class='ocrx_word' id='word_1_237' title='bbox 730 4001 966 4064; x_wconf 80' lang='lat' dir='ltr'>sacramentorum,</span> <span class='ocrx_word' id='word_1_238' title='bbox 983 3997 1167 4066; x_wconf 80' lang='lat' dir='ltr'>superscripto</span> <span class='ocrx_word' id='word_1_239' title='bbox 1185 3996 1199 4048; x_wconf 84' lang='lat' dir='ltr'>l</span> <span class='ocrx_word' id='word_1_240' title='bbox 1217 3995 1400 4066; x_wconf 61' lang='lat' dir='ltr'>ppienorull</span> 
     </span>
    </p>
   </div>
   <div class='ocr_carea' id='block_1_9' title="bbox 253 4071 1402 4260">
    <p class='ocr_par' dir='ltr' id='par_1_9' title="bbox 253 4071 1402 4260">
     <span class='ocr_line' id='line_1_32' title="bbox 254 4071 1399 4182; baseline -0.003 -16"><span class='ocrx_word' id='word_1_241' title='bbox 254 4114 438 4168; x_wconf 84' lang='lat' dir='ltr'>lleacrerum</span> <span class='ocrx_word' id='word_1_242' title='bbox 462 4113 756 4181; x_wconf 79' lang='lat' dir='ltr'>Cpp;senotarnmc</span> <span class='ocrx_word' id='word_1_243' title='bbox 830 4114 862 4167; x_wconf 85' lang='lat'>15</span> <span class='ocrx_word' id='word_1_244' title='bbox 882 4071 1014 4182; x_wconf 51' lang='lat' dir='ltr'>sfuprao</span> <span class='ocrx_word' id='word_1_245' title='bbox 1091 4113 1123 4165; x_wconf 89' lang='lat'>16</span> <span class='ocrx_word' id='word_1_246' title='bbox 1143 4107 1399 4164; x_wconf 84' lang='lat' dir='ltr'>nubtnrseLAC¹</span> 
     </span>
     <span class='ocr_line' id='line_1_33' title="bbox 253 4198 1402 4260; baseline -0.004 -4"><span class='ocrx_word' id='word_1_247' title='bbox 253 4205 285 4256; x_wconf 88' lang='grc'>19</span> <span class='ocrx_word' id='word_1_248' title='bbox 305 4202 471 4258; x_wconf 75' lang='lat' dir='ltr'>coartatae</span> <span class='ocrx_word' id='word_1_249' title='bbox 541 4203 574 4256; x_wconf 91' lang='grc'>20</span> <span class='ocrx_word' id='word_1_250' title='bbox 594 4219 715 4257; x_wconf 86' lang='lat' dir='ltr'>curemus</span> <span class='ocrx_word' id='word_1_251' title='bbox 735 4202 812 4256; x_wconf 83' lang='lat' dir='ltr'>hice</span> <span class='ocrx_word' id='word_1_252' title='bbox 885 4203 917 4257; x_wconf 82' lang='lat'>21</span> <span class='ocrx_word' id='word_1_253' title='bbox 939 4200 1115 4256; x_wconf 73' lang='lat' dir='ltr'>consuletd&#39;</span> <span class='ocrx_word' id='word_1_254' title='bbox 1185 4201 1220 4254; x_wconf 82' lang='lat'>22</span> <span class='ocrx_word' id='word_1_255' title='bbox 1238 4199 1342 4253; x_wconf 89' lang='lat' dir='ltr'>uibitnr</span> <span class='ocrx_word' id='word_1_256' title='bbox 1360 4198 1402 4260; x_wconf 79' lang='lat' dir='ltr'>L;</span> 
     </span>
    </p>
   </div>
   <div class='ocr_carea' id='block_1_10' title="bbox 251 4271 1401 4381">
    <p class='ocr_par' dir='ltr' id='par_1_10' title="bbox 251 4271 1401 4381">
     <span class='ocr_line' id='line_1_34' title="bbox 251 4271 1401 4381; baseline -0.003 -10"><span class='ocrx_word' id='word_1_257' title='bbox 251 4319 395 4372; x_wconf 81' lang='lat' dir='ltr'>bibiturA</span> <span class='ocrx_word' id='word_1_258' title='bbox 436 4319 470 4373; x_wconf 89' lang='grc'>23</span> <span class='ocrx_word' id='word_1_259' title='bbox 490 4335 539 4372; x_wconf 87' lang='lat' dir='ltr'>nsu</span> <span class='ocrx_word' id='word_1_260' title='bbox 558 4336 609 4373; x_wconf 88' lang='lat' dir='ltr'>om.</span> <span class='ocrx_word' id='word_1_261' title='bbox 632 4317 662 4371; x_wconf 83' lang='lat'>0¹</span> <span class='ocrx_word' id='word_1_262' title='bbox 705 4319 907 4372; x_wconf 81' lang='lat' dir='ltr'>&#39;24incnssaA</span> <span class='ocrx_word' id='word_1_263' title='bbox 961 4315 1129 4370; x_wconf 69' lang='lat' dir='ltr'>stauiliLrl</span> <span class='ocrx_word' id='word_1_264' title='bbox 1173 4317 1206 4370; x_wconf 84' lang='grc'>27</span> <span class='ocrx_word' id='word_1_265' title='bbox 1227 4271 1401 4381; x_wconf 52' lang='grc' dir='ltr'>ΙΞὴῙΞίιιθωΔ</span> 
     </span>
    </p>
   </div>
   <div class='ocr_carea' id='block_1_11' title="bbox 1509 3789 1525 3835">
    <p class='ocr_par' dir='ltr' id='par_1_11' title="bbox 1509 3789 1525 3835">
     <span class='ocr_line' id='line_1_35' title="bbox 1509 3789 1525 3835; baseline 0 0"><span class='ocrx_word' id='word_1_266' title='bbox 1509 3789 1525 3835; x_wconf 64' lang='lat' dir='ltr'>d</span> 
     </span>
    </p>
   </div>
   <div class='ocr_carea' id='block_1_12' title="bbox 0 0 1552 4932">
    <p class='ocr_par' dir='ltr' id='par_1_12' title="bbox 0 0 1552 4932">
     <span class='ocr_line' id='line_1_36' title="bbox 0 0 1552 4932; baseline 0 0"><span class='ocrx_word' id='word_1_267' title='bbox 0 0 1552 4932; x_wconf 95' lang='lat' dir='ltr'> </span> 
     </span>
    </p>
   </div>
  </div>
 </body>
</html>
