3094 4932
245 420 306 484 XII
708 413 927 468 Praelatio.

246 612 372 677 tissimo
401 611 570 694 archetypo
599 610 701 675 uideri
730 609 937 693 descriptum.
975 609 1019 672 Ex
1051 606 1271 690 frequentibus
1304 605 1393 671 uitiis

245 719 326 783 falsa
349 718 541 802 syllabarum
567 717 756 782 discretione
782 717 859 782 ortis
884 715 1031 781 concludi
1049 717 1167 797 potest,
1188 713 1393 796 archetypum

246 826 339 889 illum
364 823 513 888 continua
537 823 694 907 scripturo
714 825 874 887 exaiulum
894 821 1004 886 fuisso.
1028 820 1082 904 (ot.
1102 841 1132 904 p.
1153 821 1206 896 83.
1227 820 1261 884 3:
1286 819 1394 882 breuia

247 933 342 996 <tatis
368 931 469 1014 (breui
496 931 594 994 ustot'
611 929 639 1015 );
674 932 727 1002 85,
753 931 788 994 2:
817 925 1392 1011 313131133311113(313[31133311113);

248 1040 300 1118 be,
326 1041 361 1104 2:
394 1035 573 1117 disideratis
608 1035 678 1120 (dis
698 1035 821 1120 iratis);
856 1036 908 1110 97,
934 1038 969 1100 3:
1003 1037 1086 1098 mari
1119 1035 1205 1116 333133
1232 1031 1394 1119 (Maricae

247 1144 351 1230 dcae);
388 1146 461 1222 157,
486 1148 522 1208 5:
556 1139 1098 1226 393111113131(3(1311131133)
1137 1142 1209 1215 118,
1237 1141 1292 1203 19:
1325 1146 1394 1201 3331

247 1272 327 1334 3333
351 1249 507 1336 (Camena
530 1251 637 1336 3333);
674 1252 746 1324 185,
774 1250 829 1314 16:
859 1245 1392 1331 311333333333(113333333333);

249 1359 323 1439 189,
343 1359 379 1422 3:
404 1357 480 1421 adeo
503 1355 690 1437 3331333133
713 1355 876 1440 (Adranon
900 1353 1077 1439 oaeneon
1102 1355 1177 1430 223,
1200 1355 1253 1416 14:
1278 1355 1395 1415 oratura

247 1485 344 1529 ncesse
367 1461 533 1549 (naturam
556 1460 646 1546 csse);
672 1463 748 1540 234,
769 1463 825 1526 24:
849 1462 1012 1541 spirantia
1031 1461 1110 1525 31133
1130 1461 1303 1546 (spirantia
1320 1457 1394 1520 3331-

249 1569 338 1656 1133);
372 1571 448 1647 339,
475 1571 529 1634 18:
562 1569 679 1650 9irnine
707 1568 813 1649 31333131
834 1565 1027 1651 (Guninrede
1054 1564 1200 1652 3331333);
1235 1565 1310 1643 363,
1335 1565 1393 1628 27:

249 1745 285 1798 ab
309 1745 421 1799 ecclesia
442 1745 558 1812 receptis
581 1748 618 1812 (t)
640 1751 672 1810 (o.
692 1746 747 1810 36).
777 1750 802 1798 31
825 1744 899 1812 arcad
916 1760 1006 1812 poene
1032 1760 1124 1797 omnes
1150 1741 1308 1810 philosophi
1330 1745 1396 1808 post

244 1834 358 1907 ‘esdram
375 1834 488 1900 fuerint.
503 1849 556 1902 per
573 1850 640 1903 quos
654 1833 818 1902 prophetiae
831 1834 940 1900 priores
955 1833 1032 1901 apud
1046 1833 1137 1886 ebreos
1151 1849 1206 1886 3333
1219 1831 1396 1898 reperiantur

249 1939 332 1991 quam
356 1923 434 1992 apud
453 1928 545 1991 pentes
566 1921 760 2032 philosophias
780 1925 813 1986 (o.
832 1922 887 1988 37).
916 1927 941 1974 31
960 1921 993 1974 de
1012 1920 1111 1974 litteris
1128 1919 1195 1989 puio
1213 1919 1272 1972 iam
1289 1919 1397 1986 fuerint

251 2053 316 2102 ante
335 2047 414 2114 tepem
433 2051 458 2100 et
476 2062 526 2100 cur
543 2047 618 2100 eccla
636 2045 668 2098 in
686 2061 819 2100 33333333
839 2046 948 2113 aliquos
965 2061 1023 2098 non
1041 2045 1158 2112 recipiat
1182 2043 1266 2098 libras
1287 2047 1319 2110 (c.
1339 2043 1394 2108 38).

293 2134 378 2190 XVI.
397 2135 442 2188 De
465 2134 508 2188 1313
530 2135 578 2202 qui
600 2134 733 2187 mundum
757 2135 941 2202 antiquiorem
964 2149 1019 2186 esse
1042 2150 1125 2200 quarn
1142 2149 1241 2186 sacrae
1258 2137 1396 2186 testantur

250 2224 357 2278 litterae
376 2223 507 2289 33311331.
529 2226 563 2290 (3.
582 2223 628 2286 40)
649 2228 674 2276 31
698 2223 731 2275 cle
747 2223 1015 2291 phylosophpoarune
1033 2221 1234 2290 discrepatione
1253 2223 1290 2288 (ll
1309 2225 1396 2274 33313-

249 2327 310 2367 rum
327 2311 371 2382 [31
389 2311 472 2380 quid]
490 2311 503 2363 t
520 2311 648 2380 sinpulae
666 2326 758 2364 eorum
776 2317 865 2364 sectae
884 2309 1063 2378 defenderint.

293 2400 397 2456 XVII.
420 2399 500 2470 Quod
524 2415 583 2453 curn
604 2400 718 2468 pentilus
736 2401 845 2468 passini
870 2405 894 2452 et
915 2399 1061 2454 indiscrete
1074 2399 1261 2468 phylosophos
1278 2399 1350 2452 inter
1367 2414 1395 2452 se

250 2489 411 2544 dissidentes
433 2488 580 2556 receperint
605 2487 670 2540 dum
693 2491 790 2541 nostru
813 2489 908 2556 relipio
931 2487 1182 2557 speudoprophetas
1201 2491 1239 2554 (t)
1261 2487 1395 2556 inproba-

249 2579 328 2635 uerit.
357 2577 519 2630 diuina-rura
543 2577 711 2630 auctoritate
733 2577 810 2643 fulta
832 2577 1005 2630 uoluminum
1031 2577 1226 2646 inquantotius
1256 2576 1330 2642 (sict)
1358 2576 1395 2628 311

248 2666 380 2720 scientiae
393 2665 540 2734 plenitudo
560 2671 593 2732 (c.
609 2667 664 2731 41).
685 2671 710 2718 31
728 2681 781 2733 quo
801 2665 881 2718 modo
896 2663 1032 2733 ptolomeo
1050 2667 1164 2734 repanti
1182 2682 1200 2719 a
1218 2665 1396 2733 septuupinta

248 2754 443 2822 interpretibus
461 2755 616 2822 scripturae
635 2754 666 2807 in
686 2754 811 2822 linpuam
826 2770 935 2822 precam
954 2754 1091 2807 translate
1108 2755 1165 2806 sint
1184 2759 1217 2818 (c.
1236 2755 1291 2820 42).

293 2843 324 2896 Χ
330 2842 415 2895 VIII.
438 2841 494 2895 Gur
514 2857 597 2911 preco
621 2843 771 2896 translatio
795 2842 934 2909 discrepat
957 2859 975 2894 a
998 2841 1098 2895 hebrea
1122 2846 1154 2908 (c.
1173 2843 1219 2909 43)
1245 2841 1396 2897 cainiana

244 2932 379 3001 prophetp
400 2931 527 2999 lepantur
546 2931 607 2996 (sic)
627 2931 779 2998 expositum
798 2933 831 2994 (c.
851 2932 907 2996 44).
928 2935 953 2983 31
972 2929 1005 2983 de
1022 2929 1235 2998 captiuitatibus
1252 2929 1397 2983 iudeorum

251 3019 363 3074 diuersa
375 3036 427 3089 per
444 3036 529 3088 repna
547 3020 601 3073 sibi
613 3020 788 3074 succedentia
802 3020 899 3073 tractis
913 3019 983 3072 etde
997 3019 1113 3073 diesibus
1125 3020 1173 3088 qui
1185 3019 1278 3090 iudeis
1290 3020 1396 3072 interea

245 3109 440 3178 praefuerunt.
461 3109 587 3178 templum
606 3109 759 3177 sacrilepiis
778 3113 944 3161 temeratum.

295 3197 433 3251 XVIIII.
452 3197 497 3251 De
511 3198 638 3266 pompeio
658 3197 725 3250 duce
739 3212 863 3250 romano.
882 3213 935 3264 quo
949 3195 1029 3250 modo
1043 3197 1246 3251 hierosoliman
1258 3197 1396 3265 inpressas

249 3285 347 3357 iudpcs
366 3286 531 3340 tributarios
543 3287 650 3354 fecerit.
670 3291 695 3338 31
713 3285 812 3339 herode
832 3284 989 3352 alienipcna
1008 3288 1041 3351 (3.
1060 3287 1116 3351 45).
1135 3291 1160 3339 31
1173 3285 1248 3353 qnod
1260 3291 1314 3354 ubo
1326 3289 1395 3337 nato

250 3376 295 3428 331
309 3391 397 3444 passo
415 3375 494 3446 iudpi
506 3393 558 3444 per
577 3375 667 3430 orbern
685 3391 746 3428 cum
765 3375 858 3428 liberis
875 3376 935 3428 suis
954 3373 993 3428 ad
1011 3375 1195 3428 testimonium
1208 3375 1267 3428 sint
1279 3373 1396 3442 dispersi

252 3467 283 3529 (c.
303 3464 360 3531 46).
380 3469 405 3516 31
424 3462 457 3517 de
474 3463 519 3517 iob
541 3465 572 3530 (c.
593 3465 649 3530 47).

294 3553 361 3608 XX.
380 3552 425 3606 De
444 3551 625 3622 prophet[i]a
648 3552 733 3622 eppei.
761 3551 896 3620 33331313
919 3552 1028 3607 domum
1051 3551 1095 3604 dei
1117 3567 1175 3605 non
1198 3552 1327 3619 ternplum
1348 3551 1396 3604 sed

251 3643 390 3696 ecclesiam
403 3641 605 3710 sipnificauerit
618 3641 651 3711 (c.
666 3641 721 3708 48).
739 3641 772 3693 13
789 3657 847 3707 qna
865 3641 945 3695 moda
964 3644 989 3693 et
1007 3639 1111 3692 boniet
1130 3639 1393 3710 madianitidi).

251 3737 275 3786 31
294 3730 328 3784 de
340 3730 475 3799 passione
493 3735 518 3783 et
535 3731 732 3784 resurreetione
748 3717 806 3798 apt.
827 3736 852 3782 et
867 3729 1054 3796 apostolorum
1065 3728 1276 3796 praedicatione
1292 3733 1324 3795 (c.
1339 3730 1394 3794 sb).

249 3824 275 3872 31
301 3819 375 3887 quad
402 3833 489 3872 causa
515 3819 695 3873 hereticorum
722 3817 761 3872 ad
784 3820 936 3886 perfectum
959 3816 1158 3885 (profectum)
1183 3819 1272 3886 napis
1300 3817 1395 3872 tendat

250 3907 358 3978 ecclesie
381 3912 407 3961 31
430 3906 505 3976 quod
522 3923 574 3976 per
595 3908 660 3962 illas
681 3907 888 3977 infanie[n]tur
910 3907 957 3974 pai
978 3906 1010 3958 in
1033 3923 1066 3959 33
1085 3906 1173 3974 positi
1195 3907 1268 3960 male
1292 3908 1395 3960 uiuunt

251 3994 325 4063 quad
348 3995 383 4050 ab
405 3995 488 4052 initio
510 4011 596 4064 usque
616 4013 693 4052 3333
715 4003 739 4050 31
758 3996 856 4050 ntundi
870 3995 1070 4064 persecutiones
1089 4001 1114 4048 et
1133 3994 1176 4048 dei
1194 3996 1395 4050 consolationes

251 4084 352 4138 habeat
375 4084 489 4139 ecclesia
509 4087 541 4149 (c.
561 4087 615 4153 51).
645 4091 670 4139 31
693 4085 726 4139 de
749 4085 836 4138 decem
855 4085 1092 4152 persecutionibus
1115 4084 1396 4138 3331331331333333-

249 4173 357 4228 nienter
378 4173 467 4228 decem
484 4174 580 4242 plupis
598 4174 688 4244 epypti
706 4176 845 4242 coaptatis
864 4175 896 4237 (3.
917 4175 972 4237 52).
1001 4179 1026 4226 31
1052 4173 1126 4240 quod
1143 4173 1283 4241 ipnoretar
1300 4173 1394 4227 nouis·

251 4261 337 4314 sinens
360 4261 416 4314 dies
440 4266 473 4326 (o.
493 4263 548 4328 53).
576 4267 602 4315 31
627 4268 792 4316 contraeas
816 4262 865 4330 qui
890 4249 947 4330 epi
965 4260 1120 4315 doctrinam
1147 4262 1261 4333 31331313
1288 4263 1396 4317 artibus

252 4350 349 4403 dicunt
364 4350 491 4418 pentibus
509 4366 564 4404 esse
578 4366 703 4418 pernaso
723 4351 797 4418 (3131)
818 4352 851 4421 (e.
872 4351 925 4420 54).
