3136 4928
270 389 334 452 472
614 387 642 444 S.
670 385 826 440 Aurelii
854 383 1070 454 Augustini

270 581 344 644 liter
365 600 423 644 nec
447 580 558 663 incipit
580 579 668 662 loqui
692 599 749 645 nec
774 579 903 652 desinit:
933 579 1016 663 quod
1048 583 1125 662 aput
1146 580 1238 643 illum
1263 579 1416 643 sincerius

269 687 411 765 audiunt,
437 705 498 750 non
523 687 661 770 corporis
687 707 760 751 aure
787 687 842 751 sed
860 687 987 764 mentis,
1006 685 1143 751 ministri
1164 686 1232 750 eins
1253 688 1286 750 et
1304 685 1415 760 nuntii,

268 793 325 876 qui
349 793 417 859 eius
442 794 576 858 ueritate
595 793 848 859 incommutabili
866 794 1072 874 perfruuntur
1089 792 1300 856 inmortaliter
1317 792 1416 860 beatiz

269 903 304 964 et
328 901 412 982 quod
435 900 614 964 faciendum
643 901 747 965 modis
780 900 994 964 ineffabilibus
1025 899 1160 963 audiunt
1191 903 1224 962 et
1254 918 1358 981 nsque
1385 899 1415 963 in

269 1005 333 1070 ista
351 1006 493 1071 nisibilia
512 1006 613 1089 adque
634 1006 796 1072 sensibilia
814 1005 1060 1088 perducendum,
1079 1005 1298 1070 incunctanter
1317 1005 1416 1087 adque
1445 1026 1456 1065 a

269 1111 474 1178 indifficulter
498 1113 648 1178 efficiunt.
677 1113 764 1178 Haec
789 1115 894 1178 autern
917 1113 966 1176 ler
991 1111 1213 1176 distributione
1236 1114 1415 1194 temporum

269 1218 344 1282 data
367 1221 425 1298 est,
449 1238 528 1300 quae
552 1219 640 1302 prius
665 1219 804 1296 haberet,
823 1223 860 1284 ut
884 1218 1003 1284 dictum
1029 1221 1088 1294 est,
1108 1217 1265 1300 promissa
1283 1221 1414 1283 terrena.

271 1323 388 1405 quibus
412 1329 516 1389 tamen
541 1325 795 1409 significarentur
822 1327 957 1398 aeterua,
986 1343 1067 1407 quae
1099 1323 1284 1388 nisibilibus
1318 1342 1415 1388 sacra-

271 1431 387 1494 mentis
421 1431 614 1496 celebrarent
646 1431 750 1508 multi‚
779 1430 1001 1514 intellegerent
1032 1429 1135 1511 pauci.
1180 1429 1279 1494 Unius
1313 1433 1415 1494 tamen

270 1536 330 1600 Dei
354 1537 461 1602 cultus
486 1537 686 1620 apertissima
709 1537 776 1601 illic
801 1541 833 1600 et
854 1556 970 1602 uocum
996 1541 1028 1599 et
1050 1554 1154 1600 rerum
1179 1535 1320 1601 omnium
1346 1556 1414 1600 con·
1434 1559 1456 1596 ιο

269 1643 441 1707 testatione
465 1643 666 1726 praecipitur,
686 1663 747 1709 non
767 1643 861 1707 unius
881 1643 920 1707 do
937 1642 1040 1714 turba,
1060 1642 1116 1706 sed
1135 1642 1189 1724 qui
1203 1642 1279 1706 lecit
1295 1643 1412 1707 caelum

270 1753 303 1812 et
325 1753 440 1812 terram
465 1750 497 1813 et
520 1767 644 1813 ornnem
670 1749 806 1812 animam
831 1751 862 1814 et
886 1767 1011 1812 omnem
1035 1746 1193 1829 spiritum,
1213 1748 1268 1830 qui
1287 1767 1350 1812 non
1369 1754 1414 1812 est

271 1854 356 1936 quod
380 1855 458 1936 ipse.
495 1855 554 1919 Ille
578 1856 661 1918 enim
685 1855 770 1931 fecit,
794 1856 872 1920 haec
896 1855 980 1918 facta
1004 1859 1088 1928 suut,
1113 1855 1215 1936 adque
1238 1858 1277 1919 ut
1300 1856 1363 1919 sint
1385 1862 1412 1918 et

269 1960 347 2024 bene
372 1980 405 2024 se
430 1959 575 2040 habeant,
601 1961 668 2026 eius
692 1961 844 2046 indigent,
868 1980 886 2025 a
909 1978 971 2043 quo
995 1961 1080 2024 facta
1104 1964 1187 2026 aunt.

720 2153 857 2219 claun
880 2153 966 2220 xvi.
1433 2171 1454 2210 n
1544 2107 1545 2114 ἶ

270 2279 326 2342 An
352 2278 396 2342 de
420 2276 686 2360 promerenda
709 2278 826 2342 beata
849 2277 937 2342 uita
960 2277 1023 2340 his
1054 2275 1214 2358 angelis
1249 2274 1306 2338 sit
1341 2293 1413 2338 cre-

272 2385 452 2464 dendum,
488 2385 553 2467 qui
589 2403 628 2448 se
663 2385 743 2449 coli
782 2384 952 2468 erigunt
988 2383 1136 2448 honore
1175 2381 1334 2457 diuino;
1372 2401 1413 2446 an

272 2511 367 2556 uero
391 2492 495 2570 illis,
521 2492 587 2572 qui
611 2511 683 2555 non
710 2491 800 2568 sibi,
826 2491 895 2554 sed
924 2490 991 2555 uui
1020 2489 1099 2554 Deo
1134 2492 1276 2554 sancta
1309 2507 1414 2571 prae·

558 2597 718 2679 cipiunt
740 2597 944 2680 religione
968 2595 1130 2660 seruiri.

316 2720 439 2801 Quibus
462 2721 561 2806 igitur
584 2721 707 2804 angelis
732 2720 770 2785 de
794 2721 886 2784 beata
909 2724 941 2783 et
969 2719 1160 2803 sempiterna
1191 2718 1258 2783 uita
1292 2717 1413 2782 creden·
1429 2741 1452 2779 n

271 2829 346 2893 dum
371 2847 440 2893 essa
465 2831 651 2892 censemus?
676 2827 791 2894 Utrum
815 2827 871 2904 eis,
896 2827 950 2910 qui
975 2846 1008 2890 se
1032 2825 1195 2910 religionis
1219 2824 1335 2889 ritibus
1356 2825 1414 2889 coli

270 2936 385 3001 uolunt
408 2935 468 2998 sibi
494 2954 582 3000 sacra
606 2940 638 2999 et
666 2933 821 2999 sacrificia
852 2934 1030 3018 flagitantes
1064 2951 1082 2996 a
1112 2932 1301 2996 mortalibus
1336 2930 1414 2995 erbi-

270 3041 348 3118 beri,
373 3060 411 3105 an
437 3042 493 3118 eis,
518 3043 572 3123 qui
596 3041 679 3106 liuuc
704 3061 829 3106 omnem
854 3042 976 3106 cultum
1005 3040 1058 3104 uni
1087 3039 1153 3105 Deo
1185 3039 1319 3104 creatori
1353 3059 1413 3104 om-

271 3148 358 3210 nium
384 3146 491 3211 deberi
515 3147 624 3212 dicunt
648 3148 740 3230 eique
763 3146 956 3211 reddendum
981 3165 1055 3210 uera
1073 3146 1191 3230 pietate
1210 3145 1413 3228 praecipiunt.

271 3254 362 3318 cuius
387 3259 419 3318 et
442 3254 504 3336 ipsi
528 3255 793 3337 contemplatione
818 3253 903 3318 beati
931 3249 1017 3318 suut'
1033 3257 1066 3318 et
1097 3271 1155 3318 nos
1186 3253 1314 3317 futuros
1347 3271 1412 3317 esse
1427 3277 1450 3317 ss

270 3361 481 3444 promittunt?
505 3361 564 3426 llla
588 3381 722 3444 namque
746 3361 828 3426 uisio
854 3361 912 3424 Dei
935 3364 1040 3424 tautae
1064 3358 1311 3442 pulchritudinis
1335 3359 1412 3424 nisio

272 3471 322 3531 est
346 3471 377 3532 et
400 3471 488 3531 tanto
513 3488 617 3532 amore
642 3467 841 3552 dignissima,
866 3472 903 3531 nt
926 3469 993 3530 siue
1022 3467 1080 3530 hac
1114 3465 1312 3547 quibuslibet
1346 3465 1412 3529 aliis

269 3574 359 3639 bunis
383 3575 562 3657 praeditum
586 3575 687 3656 adque
712 3574 922 3638 abundantem
955 3593 1015 3638 non
1041 3572 1166 3637 dubitet
1192 3571 1340 3636 Plotinus
1373 3573 1412 3635 in·

308 3767 391 3819 lnec
410 3765 511 3819 desinit
529 3781 581 3820 om.
601 3783 619 3818 a
691 3765 870 3819 3ueritatic
941 3761 1183 3818 lineffabiliters
1261 3767 1289 3816 et
1308 3779 1411 3818 eraso

271 3871 365 3923 usque,
385 3871 416 3907 us
436 3871 548 3918 erus.‚c
637 3854 747 3908 bacb
837 3854 925 3922 adque
944 3852 1044 3906 seusib.
1064 3869 1115 3906 om.
1135 3869 1154 3905 a
1245 3851 1410 3906 atindiffic

272 3945 287 3997 7
308 3947 337 3998 ut
356 3943 458 3996 uictum
478 3948 520 3998 est
539 3961 588 3998 ona.
610 3960 628 3996 c
683 3945 699 3996 9
719 3960 787 3996 unus
802 3961 821 3995 a
877 3943 907 3997 ll
928 3941 1017 4009 turba,
1030 3942 1214 4010 superscripto
1228 3959 1249 3995 s.
1265 3941 1410 4004 deornm‚b

272 4037 299 4084 et
318 4033 421 4086 caelum
442 4049 458 4084 α
526 4034 557 4086 12
576 4033 621 4100 qni
640 4049 694 4085 non
713 4048 798 4099 usquc
817 4031 855 4084 ad
872 4030 945 4084 lecta
964 4035 1028 4083 sunt
1047 4029 1064 4084 l.
1084 4035 1119 4083 14
1136 4047 1187 4084 om.
1201 4029 1236 4099 p¹
1297 4032 1330 4084 13
1348 4030 1409 4084 baec

272 4137 331 4191 quc,
353 4137 405 4190 que
425 4121 612 4186 1121ηῇ11.
632 4137 770 4183 aarum
826 4122 857 4173 16
878 4118 1015 4187 deom.p
1072 4119 1104 4173 18
1123 4119 1186 4188 sibi]
1207 4135 1236 4174 se
1245 4137 1308 4188 pop
1326 4118 1412 4173 cond

270 4209 305 4262 23
325 4225 431 4262 omnem
450 4225 501 4262 om.
522 4210 549 4263 b¹
634 4209 670 4262 24
689 4209 802 4263 delibari
822 4208 837 4261 b
921 4207 955 4260 26
975 4207 1298 4277 nisio..pnlchritudinis
1316 4225 1365 4262 om.
1383 4206 1407 4259 1ι

271 4299 305 4350 28
324 4296 445 4352 habund.
465 4299 504 4351 be
