3136 4928
367 447 418 500 De
446 447 621 500 ciuitate
649 445 710 506 dei
738 446 803 500 lib.
831 445 877 499 XI.
908 463 982 516 cap.
1013 447 1055 500 33.
1222 451 1286 516 563

142 645 200 718 est,
227 642 329 706 Deus
357 641 532 725 superbis
555 641 717 719 resistit,
742 641 953 706 humilibus
978 643 1102 706 autem
1126 644 1189 708 dat
1212 663 1288 728 gra-

141 751 242 826 tiam,
270 749 359 813 illam
381 749 413 813 in
439 749 535 814 caelis
560 749 720 813 caelorum
744 748 950 825 habitantem,
974 749 1070 814 istam
1093 750 1165 815 inde
1189 750 1290 816 deiec-

141 863 205 920 tam
233 856 265 920 in
293 855 354 920 hoc
376 855 484 920 infimo
508 855 591 920 aerio
616 855 702 920 caelo
726 855 990 932 tumultuantem
1018 857 1107 920 illam
1130 858 1289 922 luminosa

141 964 259 1046 pietate
286 963 501 1045 tranquillam,
530 961 625 1027 istam
654 961 831 1027 tenebrosis
864 963 1093 1046 cupiditatibus
1126 965 1288 1030 turbulen-

112 1075 220 1146 stam3
248 1069 336 1134 illam
360 1069 421 1134 Dei
449 1073 529 1134 nutu
557 1069 728 1133 clementer
751 1069 1002 1146 subuenientem,
1025 1069 1111 1135 iuste
1134 1073 1288 1136 ulciscen-

140 1182 215 1253 tem,
244 1176 340 1240 istam
368 1195 426 1240 suo
450 1175 536 1240 fastu
561 1174 717 1240 subdendi
741 1177 772 1240 et
795 1175 928 1240 nocendi
950 1175 1082 1241 libidine
1106 1181 1288 1242 exaestuan-

139 1287 219 1358 tem;
244 1281 343 1360 illam,
367 1287 404 1346 ut
428 1285 581 1365 quantum
599 1281 671 1346 uult
690 1282 846 1359 consulat,
866 1282 925 1346 Dei
944 1281 1079 1348 bonitati
1098 1285 1287 1358 ministram,

139 1391 247 1464 istam,
269 1409 307 1456 ne
331 1393 483 1473 qnantum
507 1389 580 1453 uult
603 1392 723 1468 noceat,
743 1388 804 1454 Dei
826 1390 985 1470 potestate
1008 1390 1175 1466 frenatam3
1200 1391 1287 1456 illam

139 1497 214 1561 hnic
242 1496 441 1561 inludentem
469 1500 506 1560 ut
533 1497 644 1560 nolens
673 1495 775 1577 prosit
801 1497 1077 1578 persecutionibus
1106 1498 1184 1576 suis,
1208 1499 1287 1564 hanc
1372 1493 1375 1504 '

99 1605 188 1668 roilli
219 1604 427 1680 incidentem,
460 1622 532 1668 cnm
564 1603 746 1687 peregrinos
779 1602 902 1686 colligit
935 1621 1022 1682 suos,
1050 1641 1093 1651 —
1122 1624 1179 1669 nos
1214 1625 1287 1688 ergo

140 1712 197 1775 has
227 1710 305 1775 duas
333 1710 503 1774 societates
531 1709 689 1792 angelicas
713 1709 795 1773 inter
818 1729 851 1773 se
881 1709 1022 1794 dispares
1047 1711 1149 1794 adque
1169 1716 1289 1776 contra-

138 1817 213 1893 rias,
242 1835 337 1880 unam
364 1819 398 1879 et
423 1818 535 1880 natura
557 1815 672 1879 bonam
697 1818 730 1878 et
751 1815 917 1880 uoluntate
940 1818 1070 1894 rectam,
1094 1817 1188 1881 aliam
1213 1837 1287 1882 uero

140 1921 402 2000 natura‘bonam,
430 1921 486 1985 sed
513 1921 679 1986 uoluntate
707 1940 898 2003 peruersam,
923 1921 994 1988 aliis
1018 1923 1288 1990 manifestioribus

140 2029 321 2093 diuinarum
350 2029 575 2110 scripturarum
600 2026 794 2092 testimoniis
819 2025 1004 2107 declaratas,
1029 2030 1231 2111 quodetiam
1256 2031 1287 2096 in

99 2159 122 2196 a
140 2138 200 2201 hoc
228 2135 320 2212 libro,
349 2135 401 2200 cui
428 2153 541 2198 nomen
572 2138 620 2197 est
644 2134 779 2216 genesis,
804 2135 886 2198 lucis
910 2136 1172 2219 tenebrarumque
1195 2155 1289 2202 uoca-

140 2243 226 2307 bulis
251 2239 444 2326 significatas
469 2241 733 2318 existimanimus,
758 2239 883 2304 etiamsi
908 2241 994 2305 aliud
1016 2243 1076 2307 hoc
1099 2243 1169 2307 loco
1189 2244 1291 2308 sensit

140 2352 221 2414 forte
250 2349 305 2430 qui
333 2347 471 2430 scripsit,
495 2367 556 2412 non
581 2349 631 2410 est
652 2346 809 2411 inutiliter
832 2347 1010 2412 obscuritas
1035 2349 1131 2414 huius
1154 2353 1289 2433 pertrac-

140 2459 208 2520 tata
235 2454 419 2530 sententiae,
448 2453 531 2536 quia,
561 2453 620 2518 etsi
644 2454 843 2518 uoluntatem
867 2455 1005 2519 auctoris
1028 2456 1101 2520 libri
1124 2455 1219 2521 huius
1243 2456 1288 2520 in-

141 2562 254 2646 dagare
277 2560 491 2643 requirimus,
517 2579 535 2623 a
557 2560 668 2644 regula
690 2563 795 2624 tamen
819 2559 903 2634 fidei,
927 2579 1006 2642 quae
1030 2579 1086 2642 per
1104 2561 1183 2624 alias
1207 2561 1289 2626 eius-

97 2693 122 2732 20
141 2669 213 2732 dem
242 2667 440 2731 arrctontatis
469 2685 575 2731 sacras
603 2666 725 2730 litteras
755 2665 833 2731 satis
861 2665 1009 2730 fidelibus
1038 2670 1113 2731 nota
1140 2669 1199 2747 est,
1227 2688 1288 2732 non

142 2773 373 2838 abhorrnimus.
418 2773 488 2838 atsi
525 2773 608 2838 enim
647 2773 821 2856 corporalia
852 2773 903 2838 nic
937 2778 1183 2839 commemorata
1215 2777 1290 2840 sunt

140 2899 234 2964 opera
253 2879 323 2958 Dei,
341 2879 458 2944 habent
479 2880 590 2964 procul
614 2879 710 2945 dubio
734 2881 917 2945 nonnullam
937 2879 1179 2945 similitudinem
1198 2882 1290 2964 spiri-

140 2987 266 3062 talium,
294 2987 467 3052 secundum
497 3006 591 3069 quam
620 2986 698 3051 dicit
725 2986 903 3069 apostolus:
935 2985 1069 3051 Omnes
1097 2987 1192 3052 enim
1220 3007 1288 3052 nos

141 3093 218 3158 filii
246 3092 346 3158 lucis
375 3094 470 3159 estis
500 3096 536 3157 et
563 3093 641 3157 tilii
666 3093 751 3170 diei,
775 3112 843 3158 non
869 3112 997 3158 sumus
1021 3094 1145 3158 noctis
1169 3113 1288 3177 neque

95 3232 122 3270 aa
141 3200 388 3266 tenebrarum.
417 3200 450 3266 Si
474 3204 578 3265 autem
603 3199 663 3264 hoc
687 3198 787 3264 sensit
811 3199 906 3264 etiam
930 3199 984 3265 ille
1009 3201 1063 3283 qui
1087 3201 1224 3284 scripsit,
1250 3200 1288 3264 ad

141 3305 360 3392 perfectiorem
394 3305 619 3389 disputationis
648 3305 743 3370 finem
770 3310 879 3370 nostra
905 3307 1052 3390 peruenit
1079 3304 1225 3384 intentio,
1253 3311 1290 3370 ut

140 3413 236 3478 horno
260 3413 319 3477 Dei
346 3415 412 3478 tam
441 3413 572 3478 eximiae
596 3412 783 3495 diuinaeqne
808 3413 991 3496 supientiae,
1016 3413 1113 3478 immo
1137 3432 1194 3494 per
1217 3432 1288 3478 eum

142 3519 281 3602 Spiritus
313 3518 374 3584 Dei
407 3519 438 3583 in
472 3519 754 3584 commemorandis
789 3519 936 3601 operibus
968 3519 1037 3597 Dei,
1072 3539 1151 3604 quae
1184 3519 1291 3585 omnia

232 3746 318 3801 llac.
337 3748 363 3810 4,
383 3747 399 3800 6
420 3747 527 3801 l.Petr.
547 3749 572 3813 5,
593 3749 608 3800 5
664 3747 697 3799 23
719 3748 741 3802 l.
762 3745 856 3800 Thess.
876 3749 900 3809 5,
921 3749 936 3800 5

179 3907 300 3961 3aerlt
377 3907 455 3960 illst
528 3907 674 3976 dpastul
746 3905 998 3976 9persecntoribns
1022 3905 1048 3958 V
1119 3907 1151 3960 12
1169 3905 1291 3960 bonaV

145 3997 177 4050 13
196 3995 397 4049 uoluntatemt
471 3996 503 4049 16
523 3997 708 4049 existimamus
729 4013 747 4048 a
834 3995 885 4048 etsi
905 4011 950 4063 ap
1022 3993 1110 4048 sensit
1127 3994 1178 4047 hoc
1195 3994 1290 4048 locco

144 4083 176 4138 17
195 4087 332 4154 pertracta
350 4090 373 4148 t;
393 4084 600 4154 pertractandae
620 4085 647 4138 b¹
740 4083 773 4137 18
793 4082 934 4153 indagare]
955 4082 1076 4138 indicare
1094 4099 1120 4148 e;
1140 4083 1260 4136 inuenire
1281 4085 1291 4136 l

144 4174 177 4228 19
200 4188 375 4242 orscamp
449 4173 485 4228 20
508 4176 574 4228 nota
593 4175 645 4243 est]
667 4175 784 4242 notssp
855 4173 888 4225 21
915 4171 1101 4226 abhorrnimus
1125 4170 1289 4240 Vcbept,·

141 4260 328 4316 oberrabimus
349 4262 372 4326 l,·
398 4261 615 4316 aberrabimusv
689 4262 723 4315 22
743 4261 958 4332 spiritualiumu
1030 4261 1065 4315 24
1084 4259 1137 4324 dei,
1155 4261 1187 4314 irc
1203 4277 1290 4330 scorp.

143 4349 240 4413 lliei,e

1203 4453 1252 4506 36*
