3072 4930
582 395 608 449 S.
636 394 792 449 Aurelii
820 395 1035 466 Augustini

687 589 823 655 CAPUT
847 590 932 658 XXI.

238 729 349 810 Quod
364 751 482 796 unum
501 751 575 798 666
595 731 892 817 intellegentes
912 732 1035 797 Deum
1050 731 1216 796 Virtute
1236 731 1384 797 saltem

381 841 420 901 et
442 838 667 905 Felicitate
692 839 907 904 debuerint
931 858 1021 904 esse
1045 839 1239 905 contenti.

280 975 346 1041 Has
376 976 450 1042 deas
480 997 539 1044 non
569 979 696 1057 ueritas,
726 980 782 1045 sed
809 981 933 1044 uanitas
967 979 1058 1056 facit;
1091 980 1169 1043 haec
1202 980 1284 1044 enim
1320 979 1384 1043 ueri

236 1081 296 1145 Dei
318 1102 449 1147 munera
473 1087 556 1164 suut,
580 1105 640 1150 non
663 1085 752 1168 ipsae
776 1089 850 1151 sunt
874 1085 960 1151 deae.
985 1085 1103 1151 Verum
1127 1089 1232 1149 tamen
1256 1086 1312 1149 ubi
1335 1090 1384 1149 est
1414 1111 1426 1149 6

235 1187 338 1254 uirtus
363 1193 395 1255 et
417 1189 564 1272 felicitas,
589 1193 666 1276 quid
690 1192 776 1258 aliud
800 1194 982 1276 quaeritur?
1016 1189 1099 1270 Quid
1124 1192 1154 1256 ei
1178 1191 1308 1270 sufficit,
1332 1193 1384 1256 cui

235 1296 339 1359 uirtus
368 1297 567 1382 felicitasque
595 1319 655 1364 666
685 1299 824 1365 sufficit?
864 1298 977 1364 Omnia
1006 1298 1122 1384 quippe
1157 1299 1277 1382 agenda
1312 1318 1385 1364 con·

234 1403 385 1486 plectitur
408 1404 521 1483 uirtus,
547 1406 652 1471 omnia
675 1407 813 1490 optanda
835 1405 983 1472 felicitas.
1013 1405 1047 1471 Si
1070 1404 1223 1488 luppiter,
1246 1407 1285 1470 ut
1307 1405 1385 1470 haec

235 1509 333 1590 daret,
352 1510 423 1576 ideo
448 1512 619 1590 colebatur,
640 1512 724 1596 quia,
743 1513 770 1578 si
794 1512 912 1578 bouum
932 1510 1052 1594 aliquid
1072 1513 1122 1575 est
1140 1509 1276 1575 latitudo
1295 1511 1384 1596 regni

235 1615 336 1698 adque
365 1617 568 1696 diuturnitas
592 1619 632 1683 ad
660 1618 789 1683 eandem
818 1617 956 1702 pertinet
981 1617 1184 1681 felicitatem:
1214 1636 1297 1699 quur
1323 1635 1383 1680 non
1403 1642 1425 1680 ιι

234 1722 432 1789 intellectum
461 1728 511 1791 est
538 1725 619 1790 dona
642 1725 702 1790 Dei
729 1744 809 1800 esse,
833 1742 894 1788 666
925 1723 1021 1789 deas?
1059 1722 1094 1788 Si
1123 1726 1230 1787 autem
1253 1725 1383 1805 putatae

235 1834 310 1894 sunt
337 1831 424 1911 deae,
453 1834 567 1897 saltem
595 1833 657 1897 alia
684 1835 773 1896 tanta
801 1830 931 1916 deorum
958 1830 1051 1895 turba
1077 1850 1139 1895 non
1172 1831 1383 1913 quaereretur.

236 1934 453 2004 Consideratis
482 1940 564 2004 enim
594 1939 707 2005 officiis
737 1938 865 2003 deorum
896 1937 1087 2020 dearumque
1122 1937 1276 2017 omnium,
1305 1955 1383 2020 quae

235 2043 320 2108 sicut
355 2047 527 2110 uoluerunt
561 2066 617 2129 pro
656 2065 714 2110 sua
751 2043 930 2128 opinatione
963 2044 1128 2122 linxerunt,
1160 2043 1326 2108 inueniant
1357 2044 1383 2108 61

234 2153 370 2232 possunt
398 2151 528 2236 aliquid,
553 2152 638 2234 quod
666 2152 819 2236 praestari
847 2152 885 2216 ab
915 2151 1020 2232 aliquo
1050 2150 1107 2215 deo
1135 2147 1242 2234 possit
1263 2149 1383 2216 homini
1405 2173 1424 2211 o

236 2256 364 2322 habenti
395 2258 560 2337 uirtutem,
588 2259 717 2323 babenti
744 2259 943 2324 felicitatem.
985 2256 1070 2337 Quid
1097 2257 1256 2322 doctrinae
1286 2257 1341 2322 uel
1368 2277 1384 2322 a

235 2361 391 2429 Mercurio
420 2365 474 2429 nel
501 2385 518 2430 a
546 2367 688 2432 Minerua
717 2365 890 2450 petendum
919 2367 1014 2441 esset,
1044 2383 1116 2428 cum
1147 2363 1247 2426 uirtus
1278 2363 1383 2428 omnia

234 2489 342 2535 secum
366 2471 516 2537 haberet?
540 2473 599 2538 Ars
624 2473 740 2557 quippe
763 2473 833 2556 ipsa
856 2471 935 2536 bene
958 2474 1105 2552 recteque
1130 2469 1261 2534 uiuendi
1279 2471 1382 2534 uirtus

235 2594 253 2639 a
272 2577 433 2643 ueteribus
454 2578 582 2644 definita
604 2584 663 2644 est.
688 2579 778 2644 Unde
798 2579 836 2644 ab
856 2598 904 2656 66,
919 2577 1004 2660 quod
1023 2577 1141 2642 Graece
1156 2575 1245 2662 ἀρετὴ
1266 2575 1383 2641 dicitur

233 2682 347 2762 uirtus,
363 2704 476 2750 nomen
497 2687 573 2750 artis
588 2687 716 2752 Latinos
735 2686 912 2750 traduxisse
930 2688 1133 2768 putauerunt.
1159 2683 1220 2750 Sed
1236 2685 1264 2748 si
1277 2684 1381 2748 uirtus
1398 2705 1421 2746 ao

234 2807 295 2854 non
322 2791 383 2856 6161
413 2792 452 2856 ad
480 2792 679 2877 ingeniosum
712 2797 822 2878 posset
853 2793 972 2872 uenire,
1001 2792 1078 2876 quid
1109 2811 1189 2874 opus
1223 2793 1291 2854 erat
1323 2791 1380 2855 deo

234 2894 323 2962 Catio
351 2900 450 2981 patre,
475 2899 529 2982 qui
554 2903 653 2978 catos,
676 2900 709 2965 id
733 2903 782 2966 est
805 2903 916 2965 acutos
939 2900 1066 2981 faceret,
1092 2918 1164 2963 cum
1187 2897 1247 2962 hoc
1270 2901 1381 2980 posset

234 3004 374 3069 conferre
406 3006 565 3073 felicitae?
611 3008 817 3092 Ingeniorum
850 3007 967 3090 quippe
1000 3007 1086 3071 nasci
1118 3004 1282 3070 felicitatis
1320 3007 1379 3080 661,

232 3109 326 3189 unde,
352 3113 477 3177 etiamsi
505 3134 565 3179 non
594 3114 700 3198 potuit
728 3134 746 3179 a
772 3113 911 3178 nondum
938 3117 1012 3179 nato
1041 3113 1103 3179 coli
1131 3111 1189 3177 dea
1216 3109 1379 3187 Felicitas,

231 3211 270 3280 ut
296 3217 355 3282 hoc
389 3218 418 3282 61
451 3219 617 3284 6666111616
649 3220 789 3298 donaret,
817 3219 974 3285 conferret
1004 3220 1064 3285 hoc
1095 3219 1278 3303 parentibus
1311 3217 1417 3283 cineas

233 3324 411 3390 cultoribus
439 3325 517 3404 suis,
541 3329 578 3390 ut
606 3326 651 3391 eis
679 3326 838 3410 ingeniosi
860 3326 919 3390 filii
942 3331 1152 3392 nascerentur.
1192 3325 1275 3405 Quid
1299 3343 1379 3408 opus

233 3433 300 3495 erat
318 3432 565 3514 parturientibus
584 3433 729 3499 inuocare
748 3434 911 3510 Lucinam,
926 3453 1010 3511 cum,
1027 3432 1054 3498 si
1074 3432 1199 3498 adesset
1216 3432 1378 3502 Felicitas,

232 3554 293 3600 non
318 3538 422 3602 solum
447 3537 524 3602 bene
547 3541 701 3620 parerent,
722 3539 777 3604 sed
801 3539 898 3604 etiam
915 3538 1037 3604 bonos?
1062 3539 1146 3620 Quid
1163 3557 1293 3605 6666666
1313 3542 1379 3604 erat

268 3745 284 3798 2
304 3743 384 3810 Quod
402 3762 483 3800 unum
502 3763 528 3800 6.
548 3747 565 3800 i.
586 3747 665 3802 deum
683 3748 758 3818 Opq
772 3749 885 3817 Donrb.;
903 3747 982 3814 Quod
1001 3747 1072 3802 dona
1089 3765 1115 3801 n.
1135 3749 1152 3802 1.
1172 3747 1250 3803 dciv
1322 3748 1377 3804 uir·

231 3835 318 3887 tutem
341 3833 388 3902 Oq
451 3837 514 3889 361
534 3850 584 3891 666,
606 3835 654 3906 Oq
716 3837 819 3891 416611
837 3836 930 3903 ccdd.,·
948 3835 1048 3890 ferito
1111 3837 1140 3890 11
1161 3836 1312 3890 noncodd.
1332 3854 1377 3892 ee:-

233 3929 307 3990 eepto
327 3923 364 3990 12¹,
388 3923 436 3991 qui
453 3941 487 3980 m.
507 3927 523 3977 1
540 3941 621 3994 quam
640 3925 730 3990 babet,
749 3925 824 3993 quod
840 3925 953 3980 Domb.2
971 3925 1071 3994 recepit
1161 3926 1196 3978 14
1221 3926 1378 3995 opinatione

235 4010 429 4080 (16161666,Ι
448 4013 576 4082 opinione
594 4017 671 4083 Apa
727 4015 761 4068 15
780 4013 863 4084 quod]
883 4031 951 4084 quos
972 4013 996 4067 0
1066 4013 1099 4068 ab
1119 4013 1153 4067 al.
1174 4013 1224 4069 deo
1243 4017 1343 4085 praest.
1362 4032 1378 4069 6

233 4127 265 4182 17
285 4093 414 4190 menerba
435 4128 458 4181 Ο
512 4130 545 4183 19
565 4129 645 4200 ἀρετὴ
667 4133 752 4196 (arete
771 4130 860 4195 codd.)
880 4147 931 4186 om.
952 4146 970 4183 a
1028 4130 1064 4185 20
1087 4130 1138 4184 1611
1154 4117 1198 4184 aff
1216 4129 1332 4192 duxisse,
1346 4132 1377 4184 in

230 4215 827 4286 61669..-61.1111.1611666166661661666,6
933 4219 1047 4274 traxisse
1067 4219 1095 4270 a¹
1186 4220 1376 4290 2116666116

232 4306 265 4358 27
286 4306 353 4376 erat]
374 4311 480 4376 essetp
