3164 4932
341 431 394 486 Dc
423 433 599 487 ciuitate
630 431 692 486 dei
722 432 795 489 lib.
822 432 888 486 XII.
920 450 997 502 cap.
1024 435 1065 487 19.
1089 435 1132 488 20.

156 627 267 692 sicut
294 627 399 691 Deus
430 627 613 708 partitus
648 631 711 692 ast
742 647 971 692 mensuram
1003 628 1115 693 fidei.
1158 627 1193 694 Si
1220 628 1301 692 eninr

155 753 210 816 pro
239 732 362 798 uiribus
392 733 458 798 suis
482 733 585 797 alatur
607 733 721 810 infans,
745 732 809 811 fiat,
834 738 871 799 ut
896 734 1063 799 crescendo
1086 734 1159 816 plus
1184 735 1301 819 capiat3

156 840 182 902 si
216 843 322 904 autem
355 839 440 903 uires
473 857 548 904 suaa
581 839 766 922 capacitatis
800 839 939 917 excedat,
973 839 1098 905 deficiet
1134 845 1302 923 antequam

155 950 286 1012 crescat.

122 1168 135 1206 a
598 1138 734 1204 CAPUT
757 1138 856 1203 XVII.

156 1280 238 1360 Quo
262 1281 376 1348 modo
401 1280 685 1366 intellegenda
709 1283 765 1346 sit
787 1281 989 1366 promissa
1012 1283 1165 1347 bomini
1185 1302 1202 1347 a
1221 1283 1300 1349 Deo

328 1388 416 1454 uita
439 1391 604 1453 aeterna
627 1393 718 1453 ante
742 1392 924 1471 tempora
948 1391 1122 1454 aeterna.

200 1527 287 1608 Quae
324 1531 452 1594 saecula
486 1529 704 1613 praeterierint
739 1533 907 1611 antequam
946 1550 1045 1614 genus
1082 1531 1303 1596 institueretur

153 1637 337 1712 humanum,
361 1657 412 1700 me
430 1636 708 1720 inte01·ignorare;
734 1656 795 1700 non
815 1639 920 1700 tamen
944 1636 1055 1700 dubito
1075 1637 1155 1700 nihil
1175 1638 1301 1704 omnino

108 1765 135 1804 ιο
154 1747 315 1808 creaturae
352 1743 491 1807 Creatori
527 1761 596 1807 esse
635 1745 847 1810 coaeternum.
890 1743 976 1807 Dicit
1008 1743 1104 1807 etiam
1136 1743 1301 1826 apostolus

152 1853 295 1933 tempora
322 1853 457 1927 aetcma
487 1869 544 1914 nec
573 1868 609 1913 ea
636 1850 754 1926 futura,
784 1849 851 1928 sed,
881 1849 965 1931 quod
989 1851 1091 1932 magis
1116 1852 1165 1914 est
1188 1850 1301 1916 miran-

153 1957 239 2035 dum,
267 1957 447 2039 praeterita.
486 1955 538 2022 Sic
567 1956 735 2021 enimait:
762 1957 804 2020 In
830 1975 938 2038 spem
961 1957 1073 2020 uitae
1098 1959 1299 2032 aeternae,

152 2083 267 2147 quam
305 2063 495 2147 promisit
531 2081 605 2128 non
643 2063 809 2126 mendax
846 2063 952 2128 Deus
991 2065 1082 2126 ante
1119 2065 1301 2147 tempora

26 2255 29 2264 .
152 2175 332 2244 aeterna;
357 2169 648 2234 manifestanit
671 2172 805 2233 antem
829 2169 1086 2250 temporibus
1112 2170 1198 2233 suis
1217 2189 1299 2235 uer·-

108 2295 132 2332 15
151 2277 240 2340 burn
270 2296 394 2342 suurn.
436 2277 516 2340 Ecce
541 2275 619 2340 dixit
641 2279 723 2340 retro
749 2275 834 2358 quod
857 2275 974 2339 fuerint
997 2278 1141 2357 tempora
1164 2279 1299 2356 aeterna,

151 2402 231 2466 quae
264 2386 370 2446 tamen
402 2403 463 2448 uon
490 2382 608 2446 fuerint
636 2381 702 2445 Deo
733 2385 905 2460 coaeterna,
934 2381 963 2445 si
990 2382 1117 2463 quidem
1144 2381 1199 2446 ille
1228 2387 1300 2448 ante

149 2494 293 2574 tempora
316 2491 443 2553 aeterna
465 2509 524 2554 non
550 2490 654 2552 solum
679 2490 755 2566 erat,
780 2507 892 2552 nerum
916 2486 1011 2551 etiam
1034 2488 1181 2571 promisit
1199 2489 1299 2552 uitam

150 2599 321 2674 aeternam,
346 2615 440 2678 quam
464 2594 682 2659 manifestauit
705 2594 902 2676 temporibus
923 2595 1000 2670 suis,
1020 2594 1053 2657 id
1073 2597 1122 2658 est
1141 2595 1298 2678 congruis,

150 2702 227 2785 quid
249 2703 337 2768 aliud
365 2721 459 2785 quam
484 2701 623 2765 Verbum
648 2703 764 2764 suum?
801 2701 870 2764 Hoc
894 2703 944 2764 est
967 2701 1049 2764 enirn
1073 2701 1141 2764 uita
1164 2703 1298 2768 aeterna.

105 2828 132 2867 ro
152 2806 221 2887 Quo
245 2808 338 2874 modo
363 2811 468 2873 autem
492 2807 648 2891 promisit,
675 2826 748 2872 curn
771 2807 954 2872 hominibus
978 2807 1090 2889 utique
1108 2807 1298 2890 promiserit,

150 2917 205 2999 qui
237 2916 376 2980 nondum
409 2919 498 2980 eraut
531 2916 601 2978 ante
634 2918 778 2998 tempora
810 2917 944 2992 aeterna,
978 2915 1040 2978 nisi
1069 2914 1143 2997 quia
1169 2915 1200 2978 in
1230 2915 1298 2978 eius

149 3023 335 3086 antemitate
368 3021 469 3104 adque
501 3022 532 3085 in
565 3021 634 3101 ipso
663 3020 767 3085 Verbo
801 3019 869 3085 eius
903 3020 1005 3085 eidem
1038 3025 1203 3086 coaeterno
1235 3021 1297 3084 iam

148 3129 436 3214 praedestinatione
463 3129 559 3192 fixum
588 3131 663 3206 erat,
689 3127 772 3209 quod
796 3146 854 3192 suo
878 3130 1019 3210 ternpore
1043 3128 1187 3192 futurum
1211 3131 1297 3191 erat?

241 3370 274 3423 ra
294 3369 348 3424 rra.
369 3371 392 3435 r,
412 3371 428 3424 a
448 3386 487 3439 sq.

185 3545 277 3598 tanin
297 3550 378 3598 omi
459 3544 655 3600 3abscedatt
736 3545 837 3616 bcap.
857 3543 954 3599 XVlv
1036 3545 1298 3616 8praeterieruntl

149 3635 333 3688 intuereturt
405 3635 435 3688 ll
456 3651 505 3687 nec
524 3634 663 3688 arctarat
735 3633 769 3686 12
788 3639 865 3704 spot
927 3635 1043 3688 annam
1062 3651 1115 3703 quo
1134 3633 1214 3686 modo
1233 3639 1297 3688 ante

148 3723 276 3793 prorniait
290 3741 325 3792 p;
343 3740 404 3776 narn
426 3722 559 3792 quomodo
580 3727 670 3777 autem
690 3741 775 3794 prom.
797 3729 807 3776 t
896 3722 976 3776 borno
997 3729 1007 3776 t
1079 3723 1111 3776 21
1133 3726 1266 3776 anteana.
1287 3727 1297 3775 t

149 3814 214 3864 ante
233 3813 316 3880 temp.
337 3815 389 3864 aet.
409 3811 462 3864 nisi
481 3828 532 3865 om.
553 3812 562 3864 l
648 3811 721 3882 qnia]
743 3811 788 3882 qui
809 3828 827 3864 a
912 3811 940 3864 in
960 3811 1017 3864 eins
1036 3827 1097 3864 raas.
1103 3830 1113 3876 ‚·
1130 3810 1159 3863 in
1177 3811 1263 3880 ipsius
1281 3827 1297 3864 o

148 3901 184 3953 22
204 3900 262 3953 eius
280 3899 370 3953 Verbo
388 3916 405 3953 u
