3094 4932
286 629 419 696 Codices
447 651 477 695 n.
502 631 588 694 2052
619 628 658 716 (C
680 629 800 716 Ddbo.)
830 635 862 696 et
892 633 1009 698 11.637
1035 633 1074 719 (F
1097 633 1226 719 Ddbn.)‚
1251 653 1385 716 quorum

241 737 320 802 alter
342 737 449 802 decem
469 738 600 821 priores,
620 737 701 802 alter
721 737 886 803 duodecim
904 739 1003 805 libros
1022 741 1214 823 posteriores
1234 742 1383 818 continet,

241 843 380 909 conferre
408 845 584 927 supersedi,
609 862 680 909 oum
710 863 817 910 eorum
845 846 998 912 lectiones
1026 847 1215 913 aDdbnero
1243 849 1384 930 prolatae

240 951 359 1015 nullius
383 951 477 1035 pretii
501 955 618 1017 essent.

197 1073 217 1115 o
285 1056 434 1122 Codicem
466 1080 488 1122 o
520 1059 596 1124 olim
629 1057 693 1122 Iac.
725 1057 810 1140 Aup.
845 1058 975 1123 Tduoui
1005 1060 1107 1126 fuisse
1139 1080 1252 1126 nomon
1283 1061 1384 1144 primo

240 1163 316 1228 folio
339 1164 528 1248 inscriptum
552 1169 698 1231 testatur.
722 1165 902 1230 Praemisso
924 1170 1000 1231 sunt
1022 1187 1076 1232 ser
1098 1169 1176 1233 folia
1197 1187 1258 1232 non
1277 1187 1385 1232 uume-

240 1272 318 1353 rata,
342 1291 421 1353 quae
444 1273 581 1337 indicem
606 1273 819 1356 capitulorum
843 1274 899 1338 sol.
924 1273 1017 1338 XIIII
1040 1274 1092 1338 uel
1114 1273 1174 1338 XV
1196 1273 1268 1338 rudi
1291 1279 1384 1356 atque

239 1376 368 1442 indocte
396 1398 491 1443 manu
519 1381 675 1462 scriptum
699 1379 869 1446 continent.
905 1379 998 1444 Hunc
1022 1380 1161 1445 codicem
1187 1381 1226 1445 ab
1249 1381 1385 1462 interpo-

239 1485 340 1548 latore
369 1504 429 1549 uon
457 1505 526 1551 raro
554 1487 637 1550 mele
666 1487 810 1551 habitum
839 1505 919 1564 esse,
942 1487 1067 1551 monuit
1088 1487 1270 1564 Dtbnerus3
1301 1485 1385 1571 quod

241 1607 314 1654 oum
338 1592 474 1657 concedo
499 1599 688 1658 nontamen
713 1593 746 1658 in
770 1613 806 1658 eo
832 1611 904 1658 cum
924 1593 999 1658 Viro
1024 1594 1117 1659 docto
1141 1594 1281 1672 fecerim,
1301 1593 1384 1676 quod

194 1691 213 1755 b
285 1698 426 1763 codicem
454 1699 471 1763 b
498 1701 599 1784 pluris
627 1700 806 1766 faciendum
836 1719 906 1766 esse
934 1702 1059 1765 censuit
1085 1704 1196 1784 utpote
1218 1700 1308 1766 ‘satis
1331 1701 1384 1764 bo-

239 1805 340 1882 num';
365 1807 552 1890 plerumque
576 1808 659 1874 enim
684 1827 756 1872 oum
776 1829 797 1870 o
816 1813 848 1872 et
872 1807 1079 1874 deterioribus
1102 1807 1194 1873 libris
1217 1803 1384 1873 consentit.

238 1911 356 1976 Mirum
382 1917 431 1978 est
455 1915 540 1996 quod
563 1914 635 1979 iude
660 1933 676 1978 a
701 1933 727 1980 c.
748 1915 788 1980 16
811 1915 885 1980 libri
903 1914 994 1979 XVII
1019 1915 1051 1978 in
1073 1915 1153 1980 Iocis
1173 1933 1209 1978 ex
1228 1913 1259 1979 S.
1281 1912 1384 1996 Scrip-

239 2021 310 2083 tura
341 2017 480 2085 laudatis
512 2021 699 2104 plerumque
731 2023 833 2104 pu'ma
864 2022 957 2086 modo
990 2021 1087 2086 uerba
1120 2022 1275 2104 exscripta
1311 2024 1386 2084 sunt

240 2123 347 2190 addito
371 2128 410 2189 ‘ct
430 2127 572 2208 reliquo’.
596 2128 730 2210 AIIquot
750 2127 831 2192 Iocis
856 2127 899 2211 (p.
925 2128 1000 2206 479,
1027 2130 1078 2194 12.
1103 2127 1179 2206 480,
1201 2129 1252 2191 11.
1276 2124 1330 2212 19)
1353 2125 1384 2190 in

238 2233 360 2296 textum
384 2237 528 2316 receptae
553 2236 628 2299 suot
651 2236 776 2319 glossae
800 2237 1022 2318 argumentum
1044 2232 1256 2317 indicentes.¹)

285 2403 305 2471 ¹)
324 2405 378 2460 Uni
401 2405 471 2460 libro
489 2407 582 2462 XVIII
604 2408 781 2478 praemissum
805 2410 847 2462 est
869 2409 1052 2475 summarium,
1072 2407 1144 2478 qood
1166 2423 1226 2462 curn
1246 2411 1274 2462 et
1292 2407 1381 2462 uerbis

238 2497 266 2546 ct
294 2495 472 2563 capitulorum
500 2495 676 2550 distincti0ne
704 2497 784 2565 plone
812 2497 845 2550 ab
874 2496 982 2552 traditis
1005 2497 1095 2551 titulis
1119 2500 1147 2550 et
1168 2497 1292 2566 partibus
1319 2496 1383 2550 libri

238 2579 355 2646 recedat,
376 2584 610 2653 operaepretium
630 2601 689 2638 esse
709 2585 771 2638 duxi
790 2583 834 2638 hic
853 2585 1014 2639 exscribere:

282 2671 449 2727 EXPLICIT
468 2673 536 2726 LIB.
555 2673 650 2740 XVIII
667 2672 804 2729 INCIPIT
822 2673 890 2727 LIB.
909 2673 1009 2726 XVIII.

281 2759 307 2813 1.
326 2760 588 2815 RECAPITULA
596 2761 664 2816 TIO
689 2763 771 2815 huius
796 2761 885 2831 operis
907 2766 932 2816 et
954 2763 1029 2831 oripo
1047 2777 1250 2831 procursusque
1268 2763 1380 2816 uniuer-

237 2863 330 2902 sorum
347 2851 379 2903 r'u
397 2856 471 2904 terro
489 2867 642 2922 regnorum.
662 2855 694 2918 (c.
716 2853 751 2918 1.)

281 2939 325 2992 II.
339 2939 384 2994 De
397 2941 534 2995 ieutitutr's
548 2942 635 3010 Icpum
649 2939 728 3009 opud
739 2955 831 3009 precor
845 2945 870 2993 ct
882 2941 972 3008 fratre
978 2939 1093 3007 foronei
1106 2939 1154 3008 qui
1166 2945 1197 2992 ut
1211 2937 1277 2993 deus
1289 2943 1382 3007 coptus

238 3033 276 3082 est
299 3029 362 3083 coli.
388 3045 418 3083 eo
443 3029 518 3098 quod
542 3035 691 3098 temporum
714 3043 904 3096 annorumque
927 3044 1024 3082 meretoc
1047 3026 1169 3082 docuerit
1191 3027 1334 3082 obseruari
1356 3033 1381 3080 et

236 3119 311 3174 idco
335 3119 403 3189 [lo]
420 3135 504 3187 quom
521 3120 651 3173 uideam
670 3119 772 3190 epyptr'i
790 3117 933 3172 coluerunt
951 3121 984 3182 (c.
1004 3119 1028 3170 2.
1048 3118 1076 3183 3)
1096 3117 1173 3170 etde
1195 3123 1280 3171 ruortc
1301 3119 1382 3171 isaac

237 3215 262 3262 ct
281 3209 360 3262 tiore
374 3213 411 3276 (I)
425 3209 542 3278 pecuinis
561 3209 621 3262 eius
640 3207 734 3262 Iibu‘ia
752 3212 778 3261 et
796 3207 829 3260 dc
846 3206 940 3275 ioseph
960 3223 978 3258 α
996 3205 1134 3274 fratribus
1151 3205 1264 3260 uendite
1290 3211 1323 3274 (c.
1342 3208 1379 3272 4).

280 3297 343 3351 ΙΙΙ.
362 3298 406 3352 Dc
430 3314 482 3366 ope
504 3299 666 3367 orpiuorum
687 3313 747 3365 repe
767 3311 870 3363 europe
893 3296 929 3350 ab
949 3296 1065 3366 epyptiis
1083 3301 1246 3364 uuucupoto
1264 3301 1290 3348 et
1307 3294 1381 3349 culto

236 3393 262 3440 et
285 3387 318 3440 dc
341 3387 410 3440 boue
429 3403 507 3455 quem
524 3386 596 3440 idem
615 3387 719 3456 epyptir'
736 3387 880 3439 coluerunt
899 3389 932 3454 (c.
953 3387 980 3451 5)
1000 3391 1025 3438 et
1044 3385 1077 3438 de
1095 3389 1179 3438 morte
1197 3383 1285 3438 iacob.
1305 3390 1331 3438 ct
1349 3383 1382 3436 de

237 3491 305 3545 arpo
327 3475 461 3545 quomodo
486 3475 552 3530 deors
575 3475 672 3528 tabem
695 3475 783 3542 coepit
806 3479 839 3539 (c.
859 3477 896 3540 6).
925 3479 950 3527 et
972 3475 1005 3528 de
1026 3479 1112 3528 morte
1133 3473 1228 3542 ioseph
1250 3477 1284 3538 (c.
1305 3473 1331 3538 7)
1356 3479 1381 3526 et

236 3565 390 3620 uotiuitotc
407 3565 501 3635 moysi.
530 3565 563 3618 de
577 3564 734 3632 prometheo
752 3570 778 3618 et
797 3563 979 3618 odrothloutc
996 3563 1024 3629 (1.
1042 3564 1133 3630 fratre
1152 3563 1278 3628 atlante).
1304 3568 1330 3616 et
1349 3561 1381 3616 de

237 3654 371 3709 mercurio
390 3660 415 3708 et
434 3653 561 3708 uoculae
580 3669 613 3706 ac
631 3653 726 3706 ceroto
742 3653 775 3705 r'u
793 3652 857 3706 deos
873 3653 978 3706 relatas.

281 3742 362 3798 1111.
380 3742 425 3796 Dc
443 3743 569 3798 mr'ucruo
587 3747 613 3796 et
631 3741 665 3795 dc
683 3741 792 3796 dr'luuio
812 3740 847 3794 ab
867 3741 941 3810 opo'pc
953 3739 1035 3808 facto
1054 3739 1088 3811 (c.
1108 3740 1144 3810 8).
1168 3745 1194 3793 ct
1212 3756 1261 3794 cur
1280 3740 1381 3794 ciur'tos

237 3831 404 3886 otdeuo'cuois
423 3832 480 3885 tole
497 3847 596 3884 uomere
615 3831 748 3899 occeperit
767 3835 800 3896 (c.
821 3831 848 3895 9)
867 3829 914 3883 uel
930 3831 961 3883 r'u
979 3845 1013 3882 ea
1031 3829 1184 3898 oriopopuc
1201 3829 1238 3883 ait
1255 3835 1379 3884 uocatus

237 3925 263 3974 et
277 3920 309 3972 dc
322 3919 495 3974 contentione
507 3919 652 3989 [dleorum
665 3925 690 3972 et
705 3918 828 3972 decentia
846 3918 873 3988 (l.
894 3917 927 3972 de
944 3917 1092 3987 conductio)
1104 3917 1284 3985 feminarum.
1304 3923 1329 3972 et
1348 3919 1381 3972 de

238 4008 346 4062 dituur'o
364 4008 414 4062 aab
433 4007 666 4076 deucalionem)
687 4013 721 4072 (o.
743 4007 796 4074 10).

287 4097 318 4154 V.
337 4097 382 4152 Dc
399 4113 489 4166 moyse
506 4113 612 4166 eprccou
631 4097 770 4151 ebreorum
788 4113 821 4150 ex
839 4101 934 4166 epypto
949 4099 981 4164 (o.
999 4097 1042 4162 ll)
1063 4101 1089 4148 et
1107 4094 1141 4150 de
1153 4095 1211 4148 iesu
1225 4112 1299 4149 uaue
1311 4095 1379 4162 pilio.

238 4191 263 4240 et
284 4187 317 4240 iu
339 4193 440 4240 terram
461 4187 680 4254 repromissionis
701 4186 827 4242 ἐπινοέω.
856 4191 880 4239 et
901 4186 990 4240 socru
1013 4201 1046 4238 oc
1065 4185 1139 4238 ludio
1158 4183 1300 4254 operabor
1319 4183 1379 4250 (sic)

236 4275 379 4329 institutio.
408 4281 433 4330 ct
456 4273 489 4328 de
511 4273 638 4330 Isarcuioe
662 4291 696 4328 oc
718 4275 844 4328 minusca
863 4281 888 4328 et
905 4275 1019 4342 reliquas
1038 4274 1086 4342 que
1104 4272 1145 4328 dii
1164 4273 1381 4342 appellauerunt

238 4369 270 4432 (c.
293 4367 347 4432 12).
1164 4366 1166 4376 '

240 437 269 501 X
702 435 917 493 Praefatio.
