3164 4932
369 455 419 508 De
448 457 620 510 ciuitate
649 455 710 509 dei
738 455 804 510 lib.
831 453 906 510 x111.
936 472 1011 525 cap.
1041 456 1064 510 1.
1088 456 1113 512 2.

492 689 495 699 -
585 649 762 713 LIBER
796 649 882 713 ΧΙΙΙ.

681 775 788 784 -ι-ι-ο--ι

644 844 781 911 CAPUT
805 845 830 910 1.

161 985 216 1048 De
248 985 366 1068 lapsu
399 985 617 1068 primorum
650 986 864 1063 hominum,
897 1005 1105 1070 perquem
1135 989 1200 1050 eet
1227 1003 1311 1050 con-

532 1095 666 1158 tracta
688 1093 935 1159 mortalitas.

128 1259 142 1300 e
206 1235 368 1317 Erpeditie
388 1235 425 1300 de
444 1238 543 1301 nostri
563 1237 682 1302 saeculi
702 1240 811 1302 exortu
831 1241 862 1301 et
881 1237 919 1301 de
937 1236 1028 1301 initio
1043 1235 1167 1320 generis
1182 1233 1312 1298 humani

161 1341 359 1407 difficillimis
389 1343 628 1425 quaestionibus
657 1361 739 1408 nunc
768 1344 831 1408 iam
859 1342 898 1408 de
924 1342 1018 1425 lapsu
1045 1341 1139 1424 primi
1162 1339 1310 1418 hominis,

160 1448 258 1512 immo
286 1448 460 1531 primorum
483 1449 658 1528 hominum,
684 1452 716 1514 et
739 1449 776 1513 de
802 1449 921 1534 origiue
945 1467 982 1513 ac
1004 1448 1176 1532 propagine
1199 1446 1311 1512 mortis

161 1554 317 1619 hnmanae
336 1555 583 1640 disputationem
599 1577 616 1622 a
632 1557 722 1621 nobis
740 1555 920 1622 institutam
939 1575 1043 1620 rerum
1063 1555 1138 1620 ordo
1158 1553 1311 1636 deposcit.

162 1659 231 1726 Non
262 1660 345 1724 onim
374 1680 410 1726 eo
439 1661 543 1740 modo,
573 1681 634 1744 quo
663 1663 804 1746 angelos,
833 1660 1016 1726 condiderat
1041 1661 1129 1724 Deus
1156 1659 1311 1734 homiues,

117 1791 144 1832 ιο
162 1770 198 1831 nt
228 1767 322 1830 etiam
352 1765 379 1832 ei
408 1771 593 1850 peccassent
616 1768 695 1833 mori
719 1768 844 1832 omnino
869 1785 929 1832 non
953 1770 1097 1848 possent;
1128 1764 1183 1829 sed
1208 1764 1254 1828 ita
1275 1768 1313 1828 ut

161 1871 344 1955 perfunctos
369 1872 584 1939 oboedientiae
603 1893 731 1938 munere
751 1875 819 1938 sine
837 1874 1019 1938 interuentu
1038 1873 1151 1937 mortis
1171 1870 1314 1955 angelica

160 1978 371 2043 inmortalitas
392 1982 424 2044 et
442 1981 534 2044 beata
553 1983 721 2046 aeternitas
736 1984 933 2064 sequeretur;
954 1979 1191 2049 inoboedientes
1206 1981 1312 2042 antem

163 2105 247 2152 mors
280 2087 434 2169 plecteret
465 2087 666 2152 damnatione
698 2087 890 2162 iustissima;
925 2087 1007 2169 quod
1041 2086 1135 2150 etiam
1168 2085 1199 2149 in
1231 2085 1311 2149 libro

162 2193 324 2276 superiore
346 2193 409 2257 inm
434 2194 580 2258 diximus.

120 2415 145 2456 ro
637 2385 774 2452 CAPUT
796 2387 838 2452 ΙΙ.

164 2528 219 2592 De
252 2546 296 2591 ea
323 2531 459 2607 morte,
489 2547 588 2612 quae
617 2529 771 2595 animae
800 2546 958 2612 semper
985 2531 1204 2609 utcumque
1233 2527 1311 2591 uic·

218 2639 334 2698 turae
358 2633 545 2700 accidere
568 2638 719 2718 potest,
744 2638 781 2699 et
806 2654 857 2712 ea,
883 2633 946 2699 cui
972 2653 1117 2716 corpus
1142 2634 1256 2698 obno-

639 2743 744 2807 xium
769 2746 839 2808 est.

209 2879 272 2946 Sed
304 2882 342 2946 de
373 2882 443 2965 ipso
476 2901 589 2968 genere
621 2883 734 2949 mortis
766 2883 860 2949 uideo
892 2881 972 2948 mihi
1002 2883 1097 2966 paulo
1126 2880 1311 2966 diligentins

118 3020 146 3061 20
163 2988 393 3054 disserendum.
431 2989 585 3070 Quamuis
613 2990 696 3055 enim
724 2991 828 3054 anima
853 2991 991 3054 humana
1017 2988 1173 3054 ueraciter
1198 2987 1311 3053 inmor-

162 3095 238 3161 talis
269 3095 481 3178 perhibentur,
514 3097 610 3161 habet
640 3100 746 3161 tamen
774 3096 929 3179 quandam
958 3096 1053 3161 etiam
1081 3096 1151 3178 ipsa
1178 3097 1312 3159 mortem

164 3219 265 3266 suam.
290 3201 371 3266 Nam
395 3202 466 3267 ideo
491 3202 607 3267 dicitur
629 3202 817 3280 inmortalis,
841 3201 916 3285 quia
938 3201 1032 3266 modo
1057 3200 1193 3283 quodam
1217 3219 1312 3282 quan-

163 3310 370 3392 tulocumque
398 3328 459 3374 non
488 3309 605 3374 desinit
633 3310 742 3376 uiuere
770 3310 873 3392 adque
900 3310 1032 3384 sentium
1061 3326 1176 3391 corpus
1204 3311 1311 3370 autern

162 3415 233 3480 ideo
266 3415 409 3494 mortale,
443 3416 590 3498 quoniam
625 3416 727 3480 deseri
760 3416 845 3481 omni
877 3415 945 3480 nita
976 3417 1083 3499 potest
1109 3432 1166 3479 neo
1194 3431 1249 3497 per
1277 3431 1311 3477 se

118 3553 145 3593 rs
163 3524 270 3606 ipsum
302 3521 503 3605 aliquatenus
538 3522 629 3588 uiuit.
671 3523 757 3589 Mors
789 3523 888 3607 igitur
918 3521 1039 3586 animae
1066 3521 1112 3598 fit,
1141 3539 1214 3586 cum
1242 3537 1310 3584 eam

257 3759 289 3812 14
309 3773 330 3812 c.
350 3759 382 3812 21

208 3919 389 3988 3primorum
407 3917 546 3972 hominum
570 3917 660 3988 qu5
676 3918 757 3988 primi
774 3919 926 3974 hominisn
983 3919 1136 3972 8hnmnna
1158 3917 1194 3970 V²
1257 3918 1311 3972 dis-

161 4009 305 4078 putatione
328 4007 365 4074 V;
387 4005 629 4075 dispositionemb
745 4009 943 4082 institututum
967 4027 1054 4068 arceo
1079 4010 1115 4077 V;
1139 4009 1313 4066 institutori

162 4096 357 4166 9quoom.b
454 4097 487 4151 10
507 4097 730 4167 einonpecc.d
843 4101 1071 4155 omninomorib
1182 4097 1313 4153 atomi

164 4187 198 4240 12
215 4185 417 4242 inmutabilitas
433 4187 474 4240 ub
521 4184 556 4240 20
574 4185 647 4238 hum.
662 4187 779 4242 animan
824 4187 857 4242 21
875 4189 1049 4258 perhibeatur
1060 4203 1145 4257 oroque
1159 4187 1199 4242 cd
1212 4187 1313 4241 dieitur

161 4275 315 4329 inmortalis
329 4292 379 4331 cnr.
390 4293 427 4344 μ·
446 4277 485 4330 cd
502 4272 665 4344 explendam
682 4279 847 4333 sententiam
865 4279 896 4331 in
914 4277 1039 4347 margine
1052 4293 1085 4331 m.
1100 4279 1119 4330 2
1138 4276 1175 4330 sit
1229 4276 1311 4329 etiarn

161 4363 241 4418 orni
298 4365 332 4418 22
351 4365 465 4434 quodam
485 4365 581 4420 om.V
640 4367 674 4420 23
692 4367 803 4437 sondro]
822 4367 985 4422 sustineret
1041 4367 1075 4420 25
1093 4365 1313 4437 aliqnanltinuel
