3108 4926
601 391 626 444 S.
656 389 814 442 Aurelii
842 387 1061 458 Augustini

719 583 856 658 CAPUT
879 581 950 648 VII.

257 729 312 792 Au
340 725 593 791 rationabile
622 725 751 789 fuerit
773 725 912 788 Ianum
942 728 981 789 et
1008 725 1235 789 Terminum
1263 726 1302 789 iu
1330 723 1402 788 duo

642 833 802 896 numina
825 831 1016 913 separari.

301 974 397 1038 Ianus
425 973 533 1058 igitur,
559 991 576 1036 a
604 992 666 1056 quo
696 973 813 1038 sumsit
837 973 1009 1052 exordium,
1034 992 1148 1054 quaero
1177 974 1322 1056 quisnam
1351 976 1402 1040 sit.

256 1079 492 1164 Respondetur:
515 1078 655 1144 Mundus
681 1083 740 1144 est.
764 1079 877 1144 Breuis
901 1079 979 1144 baec
997 1080 1088 1162 plane
1109 1089 1158 1144 est
1177 1080 1279 1164 adque
1299 1087 1405 1164 aperta
1431 1104 1443 1143 s
1529 1116 1530 1140 r

257 1187 431 1272 responsio.
457 1185 545 1266 Quor
569 1205 642 1271 ergo
667 1186 705 1250 ad
731 1205 802 1250 eum
828 1185 976 1250 dicuntur
998 1205 1102 1251 rerum
1126 1187 1217 1252 initia
1239 1190 1405 1272 pertinere,
1529 1179 1530 1192 ³

258 1295 336 1359 fines
360 1313 435 1359 uero
461 1294 501 1358 ad
524 1293 669 1369 alterum,
690 1313 784 1374 quem
804 1292 988 1357 'ferminum
1011 1293 1150 1358 uocant?
1174 1293 1257 1358 Nam
1280 1300 1406 1378 propter

257 1403 350 1466 initia
377 1405 410 1466 et
435 1401 513 1466 fines
543 1401 668 1466 duobus
696 1401 768 1466 istis
793 1399 841 1464 dis
867 1399 946 1464 duos
970 1419 1096 1464 menses
1124 1401 1293 1482 perbibent
1322 1402 1405 1467 dedi-

257 1512 345 1573 catos
370 1514 493 1591 praeter
515 1507 589 1573 illos
614 1507 733 1582 decem,
754 1507 870 1589 quibus
895 1525 996 1588 usque
1022 1507 1061 1571 ad
1079 1506 1286 1571 Decembrem
1312 1513 1406 1590 ceput

259 1619 308 1680 est
330 1615 477 1682 Martius.
501 1614 684 1678 Ianuarium
707 1613 794 1690 Iano,
818 1613 1025 1678 Februarium
1048 1613 1205 1678 Termino.
1233 1613 1308 1678 Ideo
1332 1615 1444 1688 Ter-10

257 1720 387 1785 minatio
423 1721 532 1785 eodem
571 1739 678 1784 mense
710 1720 881 1784 Februario
920 1718 1071 1784 celebrari
1108 1719 1227 1796 dieunt,
1261 1739 1334 1786 cum
1370 1721 1404 1786 fit

258 1845 383 1892 sacrum
403 1826 634 1910 purgatorium,
650 1826 735 1910 quod
754 1834 871 1890 uocant
889 1825 1037 1904 Febrem,
1054 1826 1137 1890 unde
1157 1826 1274 1891 mensis
1293 1847 1404 1892 nomen

257 1934 390 2017 accepit.
433 1933 596 2014 Numquid
630 1953 704 2016 ergo
738 1933 776 1996 ad
809 1931 974 2010 mundum,
1008 1933 1063 2014 qui
1095 1933 1191 1998 lanus
1224 1936 1284 2012 est,
1317 1933 1405 1997 initia

256 2061 360 2105 rerum
393 2041 551 2122 pertinent
584 2043 615 2104 ct
647 2039 725 2104 fines
759 2059 819 2104 uon
852 2039 1020 2121 pertinent,
1049 2044 1086 2103 ut
1120 2040 1200 2103 alter
1230 2039 1295 2104 illis
1327 2040 1406 2104 deus

256 2146 497 2229 praeficeretur?
536 2146 645 2211 Nonne
670 2146 784 2226 omnia,
809 2165 889 2228 quae
913 2145 944 2209 in
968 2145 1170 2210 boemundo
1195 2145 1261 2210 fieri
1286 2145 1402 2223 dieunt,
1419 2168 1442 2208 rs

256 2255 287 2318 in
316 2255 376 2319 hoc
404 2254 500 2318 etiam
528 2254 645 2318 mundo
670 2253 832 2318 terminari
856 2253 1014 2318 fatentur?
1050 2251 1136 2332 Quae
1161 2257 1211 2318 est
1233 2254 1296 2318 ista
1319 2255 1402 2318 ueni-

257 2364 317 2438 tas‚
350 2360 382 2424 in
416 2379 508 2443 opere
540 2361 589 2423 illi
622 2359 693 2424 dere
730 2363 922 2442 potestatem
960 2359 1134 2435 dimidiam,
1167 2359 1197 2423 in
1236 2359 1402 2426 simulacro

256 2468 370 2532 faciem
386 2467 537 2551 duplam?
560 2466 671 2532 Nonne
686 2466 784 2532 istum
805 2467 974 2532 bifrontem
995 2466 1095 2532 multo
1116 2467 1294 2550 elegantius
1313 2467 1402 2534 iuter-

256 2577 462 2656 pretarentur,
483 2575 510 2638 si
534 2574 668 2639 eundem
692 2577 724 2636 et
746 2574 857 2638 Ianum
883 2578 914 2638 et
932 2573 1116 2638 Terminum
1140 2572 1281 2638 dicerent
1304 2574 1401 2656 adque

256 2680 355 2745 initiis
394 2699 488 2745 unam
525 2681 650 2757 faciem,
684 2679 801 2744 finibus
839 2679 970 2744 alteram
1004 2679 1133 2746 darent?
1167 2680 1317 2762 quoniam
1349 2680 1439 2762 quin

258 2790 404 2871 operatur
440 2789 612 2869 utrumque
650 2787 744 2851 debet
779 2787 953 2862 intenderc;
996 2787 1028 2850 iu
1068 2787 1153 2851 omui
1190 2785 1274 2852 enim
1315 2791 1400 2852 motu

258 2893 391 2958 actionis
421 2911 497 2958 suus
527 2894 580 2976 qui
609 2911 670 2956 nou
697 2892 830 2976 respicit
861 2892 988 2957 initium
1020 2912 1081 2957 non
1113 2893 1268 2975 prospicit
1299 2893 1399 2958 tinem.

257 2999 346 3064 Unde
369 3018 499 3064 necesse
524 3003 573 3064 est
592 3019 609 3062 a
627 3000 781 3064 memoria
799 2999 986 3083 respiciente
1006 2999 1201 3082 prospiciens
1221 3003 1400 3064 conectatur

256 3105 404 3182 intentio;
438 3125 510 3170 nam
543 3107 594 3170 cui
628 3104 777 3170 exciderit
810 3106 893 3188 quod
928 3106 1076 3189 coeperit,
1105 3125 1166 3187 quo
1194 3105 1288 3170 modo
1317 3104 1400 3170 finiat

257 3231 316 3276 uon
345 3213 495 3276 inueniet.
535 3210 626 3290 Quod
655 3213 683 3276 si
710 3213 811 3276 uitam
835 3213 961 3277 beatam
984 3213 1016 3277 iu
1040 3211 1240 3277 boemundo
1264 3211 1398 3276 inchoari
1414 3237 1436 3275 u
1480 3217 1483 3222 '

256 3322 413 3400 putarent,
439 3323 525 3382 extra
547 3317 701 3382 mundum
729 3317 847 3400 perfici,
872 3321 905 3382 et
931 3319 1002 3382 ideo
1026 3318 1112 3398 Iano,
1136 3317 1169 3382 id
1197 3320 1247 3382 est
1274 3317 1397 3390 mundo,

258 3424 358 3489 solam
372 3423 535 3488 initiorum
551 3423 726 3489 tribuerent
744 3427 949 3508 potestatem:
969 3425 1110 3506 profecto
1130 3423 1158 3488 ei
1178 3427 1398 3507 praeponerent

293 3771 437 3824 3nomina
458 3770 506 3840 Op
560 3729 722 3840 tsirnpsit
740 3771 772 3824 ic
791 3789 875 3840 morp.
893 3733 1016 3834 inmite
1089 3737 1270 3826 exordirimG
1324 3777 1396 3829 dest

256 3887 324 3940 haec
341 3886 452 3956 planet
524 3884 665 3942 anniso
735 3851 840 3956 qvemt'
910 3889 1055 3957 9pptere
1132 3887 1229 3956 decjnr,
1245 3888 1256 3957 j
1277 3907 1312 3942 m.
1330 3885 1397 3951 20

257 3974 376 4046 capude
440 3976 473 4030 10
491 3983 517 4030 et
537 3977 583 4030 11:
602 3976 774 4038 febroarium
794 3977 958 4031 febroariot
1022 3979 1054 4030 12
1074 3977 1178 4030 februm
1200 3977 1395 4082 Ootdetpq

258 4091 345 4158 ukf;
367 4091 537 4146 Februumc
611 4093 643 4146 13
667 4092 810 4160 quiaelo
884 4095 916 4148 15
937 4093 1122 4162 pficereture¹
1194 4093 1228 4147 22
1249 4093 1343 4148 artinis
1364 4092 1393 4146 0·

256 4189 408 4277 agittiouia
426 4209 457 4259 ic
475 4223 561 4276 marp.
581 4208 729 4261 actionise
801 4207 905 4278 pspidb,
925 4227 958 4262 m.
974 4212 994 4262 2
1012 4225 1044 4262 ecc
1062 4209 1253 4278 pticitcorr.,l
1307 4210 1339 4264 24
1356 4207 1393 4260 iu-

255 4297 342 4350 tentio
362 4313 395 4348 m.
416 4300 436 4350 2
453 4297 484 4348 tn
503 4313 558 4349 ros.
578 4313 591 4348 c
645 4297 800 4350 ‘reincourt
821 4297 844 4351 0
