3072 4928
380 449 431 504 De
460 449 634 503 ciuitate
663 448 726 502 dei
774 447 820 504 ib,
849 448 898 501 Ill.
929 465 1004 520 cap.
1033 447 1075 502 28.
1235 451 1297 513 155

574 643 710 710 CAPUT
733 643 880 708 XXVIII.

140 767 292 847 Qualis
325 767 455 832 fuerit
488 767 656 851 Syllana
689 767 879 846 uictoria,
914 767 1060 832 uindex
1091 767 1298 832 Marianae

584 874 864 940 crudelitatis.

189 997 320 1081 Syllana
341 1018 417 1064 uero
440 998 575 1063 uictoria
598 1003 718 1076 secuta,
738 999 833 1062 liuius
858 999 1010 1064 uidelicet
1032 999 1146 1064 uindex
1166 999 1299 1064 crudeli-

109 1105 233 1182 ⁵tatis,
262 1109 338 1190 post
364 1110 488 1170 tantum
518 1107 705 1188 sanguinem
734 1105 864 1183 ciuium,
895 1125 956 1188 quo
985 1106 1056 1170 fuso
1089 1106 1193 1170 fuerat
1227 1125 1299 1170 con·

143 1217 265 1296 parata,
284 1211 375 1277 finito
399 1212 461 1277 iam
485 1212 569 1279 bello
589 1211 765 1277 inimicitiis
785 1213 971 1278 uiuentibus
992 1213 1151 1278 crudelius
1171 1211 1298 1296 inpane

145 1322 294 1402 grassata
317 1319 376 1383 est.
400 1318 467 1381 lam
492 1317 588 1382 etiam
612 1322 686 1401 post
702 1319 795 1382 Marii
822 1320 950 1385 maioris
969 1320 1118 1403 pristinas
1139 1339 1175 1384 ac
1194 1339 1299 1385 recen·

143 1423 291 1489 tissimus
316 1423 427 1488 caedes
453 1424 577 1488 additae
601 1426 724 1489 fuerant
748 1426 827 1490 aliae
847 1426 1007 1510 grauiores
1028 1427 1163 1492 allatio
1182 1427 1298 1491 iuuene

145 1531 249 1613 adque
275 1529 416 1596 Carbone
444 1531 612 1595 earundem
640 1532 778 1614 partium
802 1531 1025 1610 Marianarum,
1054 1533 1107 1617 qni
1133 1533 1221 1616 Sylla
1251 1535 1298 1598 in·

102 1659 127 1694 10
146 1637 288 1702 minente
312 1657 372 1702 non
398 1637 501 1702 solum
525 1637 703 1714 uictoriam,
722 1658 832 1703 uerum
859 1641 954 1704 etiam
973 1641 1075 1724 ipsam
1095 1640 1298 1722 desperantes

147 1746 286 1809 salutem
315 1748 429 1808 cuncta
456 1745 524 1809 anis
553 1744 624 1810 aliis
649 1745 799 1810 caedibus
823 1747 1033 1828 inpleuerunt.
1071 1747 1152 1812 Nam
1175 1749 1299 1828 praeter

146 1856 289 1936 stragem
307 1852 370 1915 lata
390 1871 445 1934 per
464 1851 589 1916 diuersa
607 1851 754 1917 diffusam
774 1854 904 1918 obsesso
925 1855 1019 1919 etiarn
1041 1857 1152 1919 senatu
1172 1853 1211 1917 de
1229 1853 1300 1936 ipsa

148 1959 245 2037 curia,
264 1961 428 2041 tamquam
449 1959 486 2022 ds
506 1977 638 2036 carcere,
657 1959 912 2042 producebantur
932 1961 971 2025 ad
992 1960 1144 2044 gladium.
1169 1959 1298 2024 Mucius

149 2065 305 2132 Scaeuola
327 2065 478 2147 pontifex,
499 2065 647 2146 quoniam
667 2065 745 2129 nihil
766 2069 842 2148 aput
860 2067 1018 2132 Romanos
1042 2067 1161 2150 templo
1181 2065 1299 2130 Vestae

107 2189 131 2228 1⁵
149 2171 293 2237 sanctius
316 2171 502 2249 habebatur,
527 2190 611 2235 anain
635 2171 738 2254 ipsam
763 2174 926 2256 amplexus
951 2174 1076 2238 occisus
1101 2176 1159 2250 est,
1179 2171 1298 2256 ignem-

150 2299 209 2362 que
238 2279 342 2352 illum,
368 2277 423 2360 qui
451 2281 605 2362 perpetua
631 2279 794 2363 uirginum
823 2299 896 2344 cura
925 2281 1048 2362 temper
1076 2279 1215 2356 ardebat,
1240 2297 1298 2343 suo

147 2403 246 2468 paene
276 2385 428 2468 sanguine
457 2385 596 2449 extinxit.
633 2384 750 2450 Urbem
780 2386 889 2451 deinde
915 2385 1003 2470 Sylla
1029 2387 1134 2452 uictor
1156 2385 1298 2462 intrauit,

150 2492 203 2575 qni
232 2493 263 2555 in
294 2491 373 2555 uilla
399 2491 528 2575 publica
556 2478 616 2556 non
644 2492 707 2556 iam
735 2491 830 2570 bello,
856 2493 911 2557 sed
938 2493 1009 2576 ipsa
1036 2512 1113 2576 pace
1138 2493 1298 2556 saeuiente

150 2601 273 2682 septem
297 2597 386 2662 milia
408 2597 588 2662 deditorum
613 2597 707 2680 (unde
731 2599 842 2680 utique
866 2597 1011 2686 inermia)
1034 2619 1095 2663 non
1119 2597 1299 2682 pugnando,

107 2723 131 2760 20
150 2705 206 2768 sed
235 2703 372 2769 iubendo
400 2707 625 2787 prostrauerat.
667 2705 703 2768 ln
732 2705 817 2770 Urbe
846 2709 951 2770 antem
981 2709 1048 2770 tola
1077 2725 1169 2790 quern
1201 2707 1301 2770 uellet

150 2811 299 2895 Syllanus
329 2813 463 2894 quisque
491 2811 634 2888 feriebat,
663 2812 746 2877 unda
775 2817 823 2878 tot
850 2814 960 2877 funera
987 2814 1145 2878 numerari
1173 2813 1298 2877 omnino

148 2936 210 2982 uon
233 2919 390 3000 poterant,
408 2917 506 2982 donec
531 2915 637 3000 Syllae
662 2923 885 3002 suggereretur
908 2918 1056 2984 sinendos
1081 2937 1151 2983 essa
1174 2919 1298 3000 aliquos

149 3024 270 3100 uiuere,
295 3026 333 3088 ut
355 3027 463 3088 essent
487 3023 603 3105 quibus
626 3029 758 3106 possent
779 3025 933 3108 imperare
959 3027 1012 3108 qni
1036 3026 1187 3090 uicerant.
1211 3025 1300 3089 Tunc

151 3131 213 3194 iarn
239 3131 379 3196 cohibita
403 3149 482 3213 quae
506 3132 564 3195 hac
589 3129 691 3212 adque
715 3132 789 3195 illac
811 3132 932 3214 passim
955 3131 1124 3197 furibunda
1140 3131 1301 3196 ferebatur

108 3258 133 3297 a
150 3236 279 3302 licentia
307 3237 485 3321 iugulandi,
513 3237 624 3302 tabula
651 3237 707 3301 illa
734 3255 806 3301 cum
839 3257 953 3321 magna
986 3237 1198 3322 gratulatione
1230 3256 1299 3321 pro-

151 3345 255 3426 posita
270 3345 328 3422 est,
345 3363 426 3425 quae
446 3344 608 3408 bominum
630 3348 821 3427 aratroque
841 3345 948 3410 ordine
968 3344 1142 3428 splendido,
1159 3344 1298 3426 equestri

152 3450 274 3515 scilieet
310 3449 413 3532 adque
451 3451 619 3529 senatorio,
653 3451 896 3516 occidendorum
934 3470 970 3516 ac
1002 3449 1299 3533 proscribendorum

152 3557 212 3621 duo
236 3556 326 3622 milia
350 3557 539 3623 continebat.
573 3556 789 3623 Contristabat
812 3578 972 3636 numerus,
997 3559 1053 3624 sed
1078 3557 1299 3624 consolabatur

186 3795 202 3848 5
219 3793 310 3848 fueram
328 3795 476 3863 conparata
494 3791 728 3864 AOabdepq5
746 3809 830 3862 comp.
851 3791 869 3846 l.
888 3809 905 3846 u
923 3792 1022 3847 Domb.
1097 3795 1112 3846 7
1133 3757 1265 3896 ‘grassatae‘
1274 3791 1298 3844 A

151 3909 336 3964 9caruone0
387 3907 526 3980 syllarirO
577 3907 774 3962 inmenenteO
823 3908 855 3962 10
869 3907 1081 3980 desperantesll
1134 3905 1301 3962 llouncO

151 3999 205 4052 auis
224 3998 286 4052 aliis
304 3997 439 4053 AOrell.
458 3999 573 4065 Doneb.,·
592 3999 647 4052 suis
667 3997 851 4068 alienisqueu
918 4000 950 4052 16
969 3995 1175 4068 perpetuarirG
1243 3995 1298 4048 uir-

151 4087 620 4156 ginumcurad0;c.u.udev
690 4087 722 4140 17
742 4087 888 4142 extincld
942 4086 975 4140 19
993 4083 1299 4146 inermiaeccinerima

150 4193 228 4240 corr„
247 4178 272 4230 A
343 4177 471 4248 pugnabo
490 4177 515 4231 c¹
570 4177 605 4231 20
623 4175 753 4240 totaqiri
817 4176 851 4230 22
871 4179 1033 4244 suggeretur
1051 4173 1131 4228 ΛῑΟ1
1195 4175 1230 4226 24
1248 4173 1299 4226 hac

151 4267 237 4336 adque
256 4265 321 4320 illac
339 4268 376 4332 Δ;
394 4265 462 4330 haec
481 4266 568 4336 adque
589 4281 619 4319 ac
640 4265 675 4332 0,·
691 4265 743 4320 hac
762 4267 845 4335 atque
864 4265 915 4318 hac
933 4281 949 4319 u
967 4263 1067 4317 Domb.
1157 4263 1192 4316 25
1218 4263 1297 4331 iugn·

149 4355 244 4426 landis‚
263 4355 274 4408 i
290 4355 322 4409 in
340 4371 444 4409 rasura
461 4355 589 4424 &llatae
606 4371 661 4419 urn,
683 4353 706 4408 0
