3136 4928
384 439 1069 510 2001011010(101111).111.000.32.
1234 449 1295 510 561

151 633 280 697 elicitur:
309 635 349 698 ln
378 634 565 716 principio
593 633 690 698 feeit
718 634 817 699 Deus
847 638 992 700 caelum
1022 641 1059 702 et
1086 641 1233 717 terram,
1263 643 1299 703 ut

150 741 245 806 Pater
271 741 384 805 secisse
412 742 616 825 intellegatur
643 743 675 806 in
703 742 796 820 Filio,
826 744 911 808 sieut
938 743 1117 808 adtestatur
1142 745 1297 826 psalmus,

151 848 206 912 nbi
229 847 358 930 legitur:
385 845 499 925 Quam
524 846 770 931 magnificata
793 853 882 914 sunt
907 867 1017 933 opera
1041 853 1107 914 tua
1126 849 1296 914 Domine!

152 954 274 1018 omnia
304 955 340 1018 in
374 954 564 1037 sapientia
596 954 741 1020 fecisti:
776 954 1075 1020 conuenientissime
1103 956 1197 1039 paulo
1226 961 1299 1040 post

120 1063 415 1125 scommemoratnr
452 1061 547 1124 etiem
582 1059 718 1144 Spiritus
757 1065 897 1127 sanctus.
945 1060 1025 1126 Cum
1063 1062 1146 1126 enirn
1179 1062 1297 1128 dictum

150 1172 244 1244 esset,
270 1167 394 1248 qualem
421 1170 537 1231 terram
560 1167 647 1232 Deus
670 1168 819 1249 primitus
843 1166 962 1246 fecerit,
986 1169 1040 1232 uel
1063 1189 1157 1250 quam
1181 1170 1297 1234 molem

149 1273 356 1338 materiamue
374 1274 499 1338 futurae
519 1274 765 1338 constructionis
785 1274 895 1339 mundi
915 1273 993 1338 caeli
1013 1278 1044 1337 et
1058 1277 1158 1340 terrae
1173 1277 1298 1340 nominc

149 1381 382 1462 nuncupauerit
410 1380 593 1445 subiciendo
623 1384 656 1445 et
672 1371 834 1445 addendo:
863 1381 974 1444 Terra
998 1385 1120 1445 autem
1146 1385 1225 1446 erat
1248 1383 1298 1446 in-

150 1487 325 1552 uisibilis
350 1489 387 1551 et
408 1486 650 1570 inconposita
674 1490 710 1552 et
733 1488 909 1552 tenebrae
934 1491 1039 1551 erent
1063 1507 1176 1570 super
1195 1489 1297 1571 abys-

105 1614 131 1652 10
150 1613 245 1658 sum:
269 1613 341 1658 mox
363 1597 400 1657 ut
422 1593 574 1658 trinitatis
599 1594 857 1658 commemoratio
882 1594 1093 1676 conpleretur:
1118 1595 1164 1658 Et
1192 1596 1298 1677 spiri-

149 1706 222 1775 tus,
247 1699 360 1783 inquit,
385 1700 444 1764 dei
469 1699 780 1782 superierebatur
804 1719 1079 1783 superaquam.
1104 1701 1238 1766 Proinde
1262 1707 1298 1766 nt

148 1809 238 1872 uolet
261 1807 394 1889 quisque
418 1806 562 1888 accipiat,
587 1805 671 1888 quod
694 1806 739 1871 ita
762 1806 954 1890 profundum
978 1811 1037 1876 est.
1062 1811 1099 1871 ut
1123 1808 1160 1871 ad
1185 1809 1299 1871 enerci-

148 1915 303 1978 tetionem
340 1913 514 1996 legentium
548 1933 566 1976 a
597 1913 670 1977 fidei
708 1913 818 1996 regula
854 1933 915 1978 non
954 1913 1158 1978 abhorrentes
1190 1915 1297 1997 plures

149 2021 252 2102 possit
275 2038 423 2104 generare
443 2019 625 2094 sententias,
649 2019 723 2082 dum
749 2025 854 2083 tamen
879 2019 1008 2103 angelos
1028 2024 1154 2085 sanctos
1173 2021 1204 2084 in
1225 2021 1297 2085 snb-

104 2147 130 2186 is
149 2127 281 2192 limibus
314 2125 443 2190 sedibus
476 2144 536 2190 non
567 2125 693 2208 quidem
723 2127 789 2190 Deo
819 2129 1012 2201 coaeternos,
1042 2126 1099 2190 sed
1124 2131 1230 2191 tamen
1259 2129 1298 2192 de

149 2255 208 2300 sua
232 2235 423 2315 sempiterna
446 2237 478 2295 et
501 2252 576 2296 uera
599 2232 751 2296 felicitate
775 2251 905 2296 securos
930 2239 962 2296 ct
985 2239 1087 2296 certos
1112 2252 1181 2296 esse
1206 2254 1297 2299 nemo

148 2340 301 2424 ambigat.
323 2340 373 2404 Ad
392 2358 526 2421 quorum
546 2338 730 2404 societatem
749 2339 903 2420 pertinere
924 2339 1075 2420 paruulos
1095 2358 1170 2404 suos
1190 2339 1298 2404 Domi-

147 2467 208 2512 nus
237 2447 352 2511 docens
379 2465 440 2510 non
470 2446 574 2510 solum
602 2444 682 2509 illud
711 2445 768 2508 ait:
798 2445 916 2508 llrunt
944 2447 1120 2526 aequales
1150 2446 1296 2529 angelis

148 2553 232 2627 Dei;
262 2572 371 2617 uerum
399 2553 462 2635 ipsi
490 2571 614 2635 quoque
642 2551 745 2633 angeli
774 2570 836 2633 qua
864 2551 1130 2633 contemplatione
1152 2551 1298 2615 fruantur

104 2679 131 2717 20
151 2658 300 2734 ostendit,
329 2659 384 2722 ubi
413 2658 471 2722 eit:
501 2657 646 2733 Videte,
674 2640 717 2721 ne
746 2657 999 2721 contemnatis
1028 2677 1139 2720 unum
1169 2677 1208 2720 ex
1237 2676 1296 2739 pu-

150 2767 254 2831 sillis
291 2765 395 2840 istis;
434 2765 516 2828 dico
557 2764 652 2828 enim
690 2764 808 2841 uobis,
834 2764 922 2846 quia
950 2763 1075 2846 angeli
1110 2783 1236 2828 eorum
1260 2765 1295 2827 in

150 2873 270 2938 caelis
304 2891 450 2954 semper
477 2871 609 2935 uident
634 2871 770 2934 faeiem
799 2869 923 2934 Petris
952 2869 1034 2949 mei,
1065 2871 1128 2953 qui
1156 2871 1190 2934 in
1220 2890 1296 2934 cae-

148 2979 198 3044 lis
225 2983 290 3044 est.

241 3223 257 3276 3
276 3223 320 3274 Pa.
342 3221 400 3284 103,
421 3221 456 3273 24
512 3221 544 3274 18
563 3219 613 3273 Mt.
632 3220 675 3283 22,
696 3219 730 3273 30
785 3221 820 3274 20
839 3220 875 3273 ib.
897 3219 938 3284 18,
960 3220 992 3274 10

189 3397 263 3466 lut]
285 3397 341 3450 etl
409 3395 630 3449 5etian10m.e
697 3394 935 3449 8a<ltendendot
1005 3393 1298 3462 11ferebaturzpta

150 3503 250 3558 aquam
273 3485 358 3552 Μ,-
376 3501 460 3554 aquas
480 3501 498 3538 a
510 3484 524 3537 b
536 3485 572 3553 lp
583 3491 593 3538 t
603 3503 621 3535 α
692 3485 815 3554 proin[de
833 3485 973 3553 usquead
986 3483 1147 3554 profundum
1162 3487 1204 3537 est
1218 3501 1269 3538 om.
1285 3501 1298 3537 c

152 3577 185 3630 13
213 3574 297 3628 fidet
405 3572 580 3626 abhorrentes
605 3573 640 3639 V,·
669 3573 825 3626 aberrantes
845 3590 925 3639 aeo,·
952 3573 1108 3626 oberrantes
1128 3573 1179 3642 lp,·
1206 3573 1296 3626 obser·

151 3667 275 3718 uantest
357 3665 389 3716 15
419 3665 525 3732 eternas
548 3661 558 3714 l
639 3664 670 3715 17
695 3661 793 3715 doeens
813 3660 916 3716 dome
999 3662 1031 3715 18
1054 3659 1121 3714 illud
1141 3677 1192 3714 om.
1213 3663 1223 3714 1
1228 3665 1298 3728 pto

152 3751 244 3822 angeli
264 3752 284 3805 1¹
358 3747 547 3820 2001110100
619 3751 652 3804 21
675 3751 757 3820 enim]
778 3753 868 3803 autem
888 3755 978 3820 epta
1062 3749 1089 3802 in
1110 3750 1190 3803 caelis
1210 3765 1259 3802 cm.
1281 3767 1297 3800 α

150 3843 186 3896 22
209 3841 298 3894 estin
318 3841 383 3893 cael.
404 3840 419 3892 l>

180 4469 262 4508 XXXX
276 4467 332 4516 Aug.
348 4477 418 4516 opera
432 4467 508 4507 Scotto
524 4463 543 4503 V
558 4478 610 4516 pars
625 4467 644 4508 l,
