3072 4930
250 443 316 506 230
607 440 633 494 S.
662 440 819 495 Aurelii
845 441 1062 510 Augustini

254 634 324 699 eius
359 637 445 700 esset
472 635 527 716 qui
554 635 663 713 uellet,
697 634 758 700 etsi
790 655 851 700 non
884 638 994 719 posset
1024 635 1144 719 inplere
1178 635 1259 719 quod
1293 635 1410 701 uellet.

253 741 343 806 Unde
368 740 522 824 quidquid
548 747 673 825 praeter
706 761 797 808 suam
825 743 1026 808 uoluntatem
1052 742 1174 825 patitur
1201 743 1308 820 horno,
1345 763 1409 808 non

254 847 348 913 debet
362 882 365 888 ·
379 847 517 912 tribuere
550 847 698 914 humanis
732 848 784 913 uel
816 849 968 933 angelicis
1002 848 1055 913 uel
1088 848 1276 932 cuiusquam
1305 850 1411 915 creati

254 954 386 1038 spiritus
419 955 654 1030 uoluntatibus,
691 955 747 1020 sed
780 956 848 1022 eius
881 957 1000 1038 potius,
1035 956 1089 1039 qui
1123 956 1178 1022 dat
1209 960 1410 1041 potestatem

254 1062 449 1127 uolentibus.
1439 1079 1452 1124 5

298 1168 370 1233 Non
394 1187 469 1252 ergo
493 1171 658 1252 propterea
677 1169 756 1234 nihil
775 1173 825 1235 est
843 1169 874 1233 in
894 1172 1003 1235 nostra
1020 1171 1197 1248 uoluntate,
1222 1171 1297 1252 qnia
1318 1171 1411 1235 Deus

253 1276 427 1360 praesciuit
450 1277 527 1359 quid
548 1278 695 1342 futnmm
719 1279 805 1341 esset
828 1276 860 1339 in
883 1279 991 1340 nostra
1014 1277 1189 1342 uoluntate.
1212 1277 1284 1341 Non
1309 1276 1410 1354 enim,

255 1383 310 1466 qui
332 1383 392 1447 hoc
416 1384 599 1466 praesciuit,
633 1384 713 1449 nihil
735 1383 918 1467 praesciuit.
964 1383 1062 1448 Porro
1087 1383 1114 1446 si
1138 1383 1203 1462 ille,
1237 1385 1292 1466 qui
1318 1402 1411 1466 prae-

255 1489 352 1555 sciuit
385 1490 461 1571 quid
488 1491 633 1555 futurum
666 1493 752 1555 esset
783 1489 815 1554 in
848 1492 958 1554 nostra
989 1490 1164 1568 uoluntate,
1197 1509 1259 1554 non
1292 1491 1411 1573 utique

255 1596 345 1675 nihil,
378 1596 434 1661 sed
459 1595 579 1678 aliquid
601 1595 790 1678 praesciuit:
828 1595 969 1678 proiecto
999 1599 1031 1659 st
1053 1595 1110 1661 illo
1133 1597 1333 1679 praesciente
1360 1600 1413 1662 est
1429 1621 1454 1660 ιο

255 1702 376 1786 aliquid
399 1703 430 1768 in
455 1707 562 1767 nostra
585 1703 760 1767 uoluntate.
786 1701 942 1782 Quocirca
965 1702 1052 1766 nullo
1071 1702 1164 1767 modo
1185 1704 1333 1786 cogimur
1354 1707 1412 1768 aut

255 1813 378 1875 retenta
395 1809 604 1890 praescientia
618 1808 677 1874 Dei
696 1808 1004 1874 tollere-uoluntatis
1024 1809 1188 1874 arbitrium
1208 1813 1264 1874 aut
1280 1813 1410 1874 retento

256 1917 432 1981 uoluntatis
457 1916 586 1981 arbitrio
610 1916 714 1980 Deum
747 1915 845 1999 (quod
874 1915 1047 2000 natusest)
1080 1935 1195 2000 negare
1223 1915 1410 1998 praescium

256 2021 449 2098 futurorum
484 2023 540 2089 sed
564 2026 734 2105 utrumque
759 2022 991 2106 amplectimur,
1019 2025 1189 2104 utrumque
1212 2023 1355 2087 fideliter
1379 2025 1412 2086 et

256 2128 413 2193 ueraciter
436 2131 635 2206 confitemur;
673 2129 766 2206 illud,
791 2131 827 2193 ut
849 2129 929 2193 bone
953 2128 1133 2211 credamus;
1170 2129 1241 2203 hoc,
1265 2132 1302 2193 ut
1325 2129 1449 2194 benus

257 2234 417 2300 uiuamus.
463 2236 548 2301 Male
572 2239 677 2301 autem
703 2237 834 2313 uiuitur,
864 2235 891 2300 si
916 2236 954 2300 de
977 2235 1044 2300 Deo
1068 2254 1128 2300 uon
1152 2235 1230 2301 bene
1254 2235 1409 2301 creditur.

258 2340 348 2406 Unde
381 2343 465 2408 absit
488 2363 506 2407 a
528 2344 620 2409 nobis
648 2343 715 2408 eius
744 2361 858 2426 negare
885 2342 1137 2425 praescientiam,
1170 2345 1207 2407 ut
1227 2342 1329 2407 libera
1355 2362 1411 2408 ue-

257 2445 365 2524 limus,
400 2468 461 2530 quo
486 2449 656 2514 adiuuante
681 2469 792 2515 sumus
816 2449 909 2516 liberi
931 2450 986 2514 uel
1008 2449 1137 2514 erimus.
1182 2449 1319 2514 Proinde
1346 2469 1410 2514 nou

258 2553 375 2617 frustra
399 2560 474 2619 sunt
495 2556 583 2640 leges
608 2556 843 2640 obiurgationes
868 2555 1099 2621 exhortationes
1121 2555 1232 2620 laudes
1261 2559 1294 2621 et
1322 2558 1412 2622 uitu-

259 2661 449 2744 perationes,
483 2662 558 2743 quia
581 2667 613 2726 et
640 2662 726 2745 ipsas
759 2663 883 2727 futuras
917 2680 986 2726 esse
1018 2663 1199 2745 praesciuit,
1233 2666 1265 2728 ei
1297 2665 1413 2729 ualent
1429 2683 1454 2724 so

258 2768 443 2850 plurimum,
477 2770 630 2850 quantum
660 2787 712 2832 eas
741 2767 896 2833 ualituras
925 2787 995 2833 esse
1023 2769 1206 2851 praesciuit,
1240 2772 1272 2834 et
1295 2789 1412 2852 preces

259 2874 369 2938 ualent
395 2874 434 2938 ad
467 2893 505 2938 ea
537 2873 731 2957 inpetranda,
765 2893 845 2956 quae
879 2893 911 2939 so
944 2875 1147 2958 precantibus
1181 2893 1410 2941 concessurum

260 2999 330 3045 esse
353 2979 536 3063 praesciuit,
561 2983 593 3046 et
614 2981 699 3045 iuste
722 2981 862 3063 praemia
885 2982 977 3046 bonis
1001 2981 1094 3046 factis
1119 2985 1151 3045 et
1173 2981 1313 3064 peccatis
1334 2993 1412 3065 sup-

259 3087 355 3170 plicia
378 3087 553 3151 constituta
575 3089 659 3154 sunt.
701 3085 812 3170 Neque
845 3087 929 3152 enirn
957 3087 1027 3152 ideo
1055 3090 1167 3170 peccat
1193 3088 1299 3166 homo,
1333 3089 1413 3171 quia

259 3193 348 3258 Deus
371 3193 463 3257 illum
486 3197 691 3276 peccaturum
715 3213 785 3260 esse
809 3194 993 3277 praesciuit;
1018 3195 1115 3258 immo
1139 3194 1211 3259 ideo
1235 3213 1297 3259 non
1317 3195 1412 3260 dubi·
1429 3215 1454 3258 a

259 3303 347 3364 tatur
375 3300 481 3382 ipsum
508 3319 639 3383 peccare
662 3320 732 3366 cum
756 3303 878 3383 peccat,
903 3301 978 3384 quia
994 3300 1060 3376 ille,
1085 3301 1177 3366 cuius
1196 3301 1412 3383 praescientia

259 3405 329 3470 falli
352 3425 413 3470 non
436 3409 551 3488 potest,
575 3427 637 3472 nou
661 3407 773 3484 latum,
798 3426 859 3471 non
883 3409 1053 3484 fortunam,
1078 3426 1139 3472 non
1162 3407 1282 3490 aliquid
1308 3409 1411 3488 aliud,

261 3511 318 3576 sed
345 3513 448 3595 ipsum
474 3516 677 3596 peccaturum
705 3532 776 3577 esse
798 3513 979 3596 praesciuit.
1027 3511 1088 3592 Qui
1117 3514 1143 3578 si
1171 3514 1260 3591 nolit,
1294 3515 1412 3598 utique

261 3637 322 3684 non
345 3622 470 3702 peccat;
495 3619 551 3684 sed
574 3619 601 3685 si
624 3639 753 3702 peccare
777 3621 924 3701 noluerit,
948 3619 1044 3684 etiam
1068 3621 1127 3685 hoc
1149 3620 1204 3684 ille
1223 3622 1411 3702 praesciuit.

302 3811 421 3865 lbellet
439 3810 466 3864 L
546 3811 570 3863 si
587 3810 621 3863 Λ1
696 3811 801 3865 8nihil
819 3812 966 3880 praesciblt
983 3810 1011 3864 L
1082 3810 1206 3881 praemit,
1223 3815 1413 3882 superse-apto

262 3901 310 3963 sci,
329 3900 353 3954 Δ
427 3900 461 3954 10
484 3898 532 3953 scd
550 3917 610 3968 sup.
631 3900 681 3954 lia.
700 3904 725 3954 A
798 3902 831 3955 13
854 3901 968 3955 arnitrio
986 3899 1026 3967 L,·
1044 3899 1185 3954 arbitrium
1204 3901 1236 3953 e¹.
1250 3905 1319 3969 post
1336 3903 1412 3958 arbi·

263 3991 345 4044 trium
372 3991 404 4044 ia
426 4005 440 4044 e
463 4005 545 4043 musa
571 3995 637 4044 suar
662 3991 780 4058 repetita
806 3989 893 4044 uerba
916 3993 964 4042 aut
986 3993 1092 4044 retento
1115 3989 1267 4044 uoluntatis
1294 3989 1412 4046 arbitrio

265 4079 298 4132 16
316 4078 441 4132 uibamus
460 4077 487 4131 L
576 4078 680 4132 uibitur
696 4079 724 4133 L
798 4079 829 4154 17
852 4077 938 4132 libere
957 4079 1053 4143 (liuere
1071 4076 1108 4145 L)
1128 4077 1245 4131 uelimus
1263 4077 1342 4133 codd.
1363 4095 1412 4132 ar-

263 4172 338 4235 ceptc
356 4184 390 4235 p‚·
408 4167 488 4221 liberi
507 4183 565 4221 erse
585 4167 756 4236 uelimuapv
813 4167 844 4220 18
862 4166 981 4220 liueriL
1034 4167 1068 4221 21
1089 4169 1412 4236 quantumaaquantss

263 4262 295 4310 at
311 4255 425 4310 uidetur
442 4257 643 4322 concolonas
712 4257 849 4310 ualeturas
871 4255 904 4309 0¹
977 4257 1011 4310 24
1029 4273 1115 4324 necq
1190 4261 1286 4326 peccat
1303 4257 1415 4311 LA'C

264 4345 376 4413 dpqc;
393 4361 446 4398 non
465 4349 559 4414 peccat
578 4343 895 4408 u²aceaafDoma
951 4347 984 4400 25
1005 4361 1097 4399 eume
