3136 4934
350 453 400 505 De
430 452 602 506 ciuitate
632 452 693 508 dei
721 453 785 509 lib.
809 453 884 508 VIII.
908 471 983 524 cap.
1007 457 1094 511 9.10.
1215 413 1295 524 ’369

132 645 240 710 Plato
261 649 294 710 et
313 645 367 728 qui
387 665 459 711 eum
479 645 559 712 bene
578 647 813 724 intellexerunt3
834 649 903 714 siue
923 650 1019 716 etiam
1033 651 1149 730 Italici,
1169 656 1297 736 propter

132 751 363 837 Pythagoram
388 759 420 817 et
442 753 660 838 Pythagoreos
686 757 717 821 et
741 755 768 820 si
792 757 846 838 qui
870 755 950 822 forte
975 759 1028 822 alii
1058 758 1200 824 eiusdem
1227 778 1294 824 sen-

132 859 268 923 tentiae
292 858 430 924 indidem
458 861 600 934 luerunt
637 861 705 926 siue
739 861 871 926 aliarum
893 882 1032 946 quoque
1065 865 1208 950 gentium
1241 866 1296 949 qui

133 967 310 1050 sapientes
329 966 382 1030 uel
401 965 583 1049 philosophi
602 965 702 1031 habiti
722 970 807 1042 sunt,
828 968 980 1033 Atlantici
994 969 1119 1052 Libyes,
1134 971 1294 1055 Aegyptii,

102 1096 114 1132 s
132 1071 228 1147 Indi,
255 1071 381 1150 Persae,
407 1071 566 1147 Chaldaei,
587 1071 732 1156 Scythae,
752 1072 848 1153 Galli,
867 1073 1001 1159 Hispani
1021 1075 1119 1159 aliqui
1137 1077 1294 1160 reperiun-

132 1183 205 1252 tur,
236 1179 290 1261 qui
314 1178 375 1242 hoe
399 1177 538 1244 uiderint
562 1197 598 1243 ao
626 1178 804 1245 docuerint:
837 1199 891 1246 eos
925 1201 1033 1246 omnes
1067 1183 1181 1248 ueteris
1210 1187 1294 1248 ante-

132 1286 295 1368 ponimus
321 1303 437 1368 eosque
461 1284 551 1350 nobis
575 1287 814 1369 propinquiores
838 1287 984 1353 fatemur.

622 1495 758 1563 CAPUT
781 1497 820 1562 X.

1 1726 2 1747 Χ
206 1633 322 1715 Quae
348 1635 875 1721 sitinte1·philosophioas
900 1641 1010 1704 artes
1034 1641 1231 1726 religiosi

88 1773 114 1812 ιο
463 1743 717 1808 excellentia
740 1743 981 1812 Christiani.

185 1885 349 1966 Quamuis
365 1885 448 1950 euim
462 1885 557 1950 homo
573 1885 773 1950 Christianus
788 1885 904 1950 litteris
923 1888 1048 1950 tautum
1068 1888 1294 1954 ecelesiasticis

135 1993 292 2058 eruditus
317 1991 553 2056 Platonicorum
575 1991 657 2056 forte
687 2011 799 2058 nomen
829 1991 966 2076 ignoret,
998 2011 1056 2059 nee
1089 1997 1197 2060 utrum
1230 1995 1292 2061 duo

134 2119 262 2186 genera
285 2095 546 2182 philosophorum
570 2099 730 2164 extiterint
757 2099 788 2163 in
813 2097 934 2164 Graeca
964 2099 1083 2184 lingua,
1115 2100 1294 2166 lonicorum

135 2211 171 2272 et
211 2204 412 2282 Italicorum,
450 2203 544 2268 sciat:
583 2223 644 2269 non
683 2209 789 2270 tamen
827 2205 873 2270 ita
905 2205 1019 2271 surdus
1054 2209 1104 2271 est
1134 2207 1167 2272 in
1199 2207 1293 2272 rebus

89 2342 116 2382 ra
135 2313 306 2386 humanis,
330 2314 368 2374 ut
389 2311 511 2376 neseiat
534 2310 742 2394 philosophos
776 2313 827 2376 uel
861 2312 1004 2377 studium
1037 2312 1210 2395 sapientiae
1242 2315 1294 2379 uel

133 2411 246 2502 ipsam
278 2416 465 2499 sapientiam
495 2417 643 2500 profiteri.
682 2417 783 2484 Cauet
815 2436 868 2483 eos
901 2423 1016 2496 tamen,
1042 2420 1096 2501 qui
1120 2419 1292 2484 seeundum

135 2527 304 2591 elementa
327 2523 421 2588 huius
445 2523 556 2588 mundi
579 2523 854 2606 philosophantur,
883 2542 944 2589 non
977 2525 1152 2590 secundum
1179 2525 1293 2604 Deum,

136 2652 250 2715 aquo
282 2631 351 2714 ipse
384 2631 488 2694 laotos
523 2634 573 2694 est
603 2631 751 2694 mundus.
784 2631 982 2696 Admonetur
1013 2632 1096 2696 enim
1127 2635 1294 2713 praecepto

135 2739 325 2823 apostolico
348 2736 546 2820 fideliterque
571 2737 660 2802 audit
689 2737 772 2818 quod
805 2738 926 2802 dietum
958 2741 1021 2802 est:
1065 2737 1215 2802 Canale
1248 2755 1292 2802 ne

91 2848 237 2930 aquis
278 2864 350 2910 uos
389 2844 573 2927 desipiat·
608 2864 677 2928 per
714 2844 1020 2928 philosophiam
1059 2847 1098 2908 et
1133 2844 1291 2907 inanem

136 2952 433 3018 seductionem
458 2951 680 3016 seeundum
706 2951 910 3016 elementa
933 2950 1079 3014 mundi.
1108 2949 1230 3015 Deinde
1253 2967 1291 3012 ne

136 3077 254 3125 omnes
280 3057 361 3122 tales
386 3075 456 3122 esse
480 3057 660 3132 arbitratur,
686 3056 776 3121 audit
800 3056 837 3122 ab
863 3056 973 3122 eodem
998 3055 1142 3138 apostolo
1167 3053 1230 3118 diei
1254 3053 1292 3117 de

136 3164 354 3249 quibusdam:
387 3162 489 3243 Quia
517 3163 620 3246 qnod
649 3167 784 3229 notum
819 3166 882 3228 est
912 3163 996 3240 Dei,
1029 3161 1291 3227 manifestum

137 3275 204 3338 est
228 3271 271 3335 in
294 3268 401 3344 illis;
425 3269 533 3358 Deus
557 3267 661 3333 enim
685 3267 775 3332 illis
793 3261 1104 3332 'manifestauit
1145 3265 1291 3330 Inuisi-

91 3408 117 3447 aa
136 3377 251 3441 bilia
276 3375 379 3440 enim
403 3375 490 3440 eius
511 3395 529 3438 a
548 3373 855 3440 constitutione
875 3373 1010 3439 mundi
1028 3392 1097 3455 per
1116 3391 1170 3448 aa,
1190 3389 1291 3455 quae

235 3621 270 3674 19
290 3617 347 3674 Col.
368 3621 392 3686 2,
412 3618 429 3672 8
483 3617 517 3672 23
537 3617 613 3674 Rom.
634 3617 657 3682 1,
678 3617 711 3670 19
730 3633 769 3685 sq.

174 3798 192 3852 2
216 3793 371 3848 sententiae
389 3791 484 3847 Itidem
503 3807 562 3860 supa
579 3792 628 3845 liu.
646 3789 669 3844 C
703 3791 719 3845 3
734 3789 854 3844 Indidem
871 3789 1008 3858 lDomb.,·
1026 3789 1128 3844 inidem
1143 3790 1199 3844 ab¹
1210 3789 1254 3858 dp
1265 3807 1291 3856 a;

135 3883 276 3940 inididem
291 3901 309 3934 α
321 3885 354 3948 f,·
373 3880 522 3936 identidem
537 3879 629 3946 h²tv5
645 3879 797 3934 luidentide
816 3878 860 3932 ide
875 3896 901 3944 e‚·
919 3879 1124 3948 idamptitateq
1177 3879 1194 3931 4
1213 3878 1291 3932 atha-

136 3973 238 4028 lantici
258 3989 272 4026 a
344 3970 431 4041 libyes
450 3968 561 4040 (libyels
580 3969 612 4038 0)
630 3969 675 4022 uel
692 3967 778 4038 lybies
798 3967 893 4035 eodd.;
910 3967 1035 4037 Libyeis
1103 3969 1119 4021 5
1138 3965 1211 4019 indie
1231 3965 1294 4035 pars

138 4060 321 4118 aeuhaldeid
409 4057 534 4127 Hispani]
553 4058 642 4126 ispani
661 4058 685 4124 l;
706 4055 820 4126 hilparti
843 4055 866 4109 0
954 4055 1037 4124 aliqui
1059 4055 1171 4122 des;
1190 4053 1291 4120 aliique

138 4151 284 4219 abelqo
306 4148 407 4204 Domb.
514 4147 712 4218 repperiantur,
736 4163 751 4198 a
773 4163 808 4198 m.
829 4149 848 4198 2
871 4163 904 4199 ea
922 4161 939 4198 u
959 4161 1038 4208 corr,
1061 4143 1092 4208 C,·
1121 4141 1292 4212 reperiuntur

137 4271 237 4326 rollo
312 4245 559 4334 lpropinquiores
579 4277 669 4316 esses
740 4243 777 4314 20
803 4228 950 4331 decipiIC
1019 4261 1053 4312 22
1082 4258 1291 4313 arbitraretnre

138 4361 173 4414 23
194 4355 270 4428 quod
284 4371 320 4408 m.
336 4357 427 4422 2seep.
442 4352 491 4405 liu.
507 4354 517 4406 l
571 4355 605 4406 24
618 4350 723 4419 munii]
736 4351 871 4404 reuelauit
886 4367 905 4403 a
958 4349 992 4404 25
1008 4349 1129 4418 constIt.]
1146 4351 1252 4402 enatura
1269 4345 1292 4398 O

165 4482 250 4524 XXXX
263 4479 322 4530 Aac.
339 4487 408 4528 open
423 4478 497 4519 settle
512 4477 531 4518 V
545 4488 597 4527 para
611 4476 630 4515 I.
1218 4453 1253 4506 24
