3108 4926
346 421 393 475 De
422 423 597 477 ciuitate
627 423 688 478 dei
716 425 781 479 lib.
805 425 865 480 Vll.
894 443 969 496 esp.
994 429 1037 482 24.
1197 433 1261 496 335

115 635 173 699 que
201 627 286 682 terre
312 616 407 682 hobel
435 617 592 702 geminam
621 619 698 697 uim,
727 622 759 684 et
785 621 1003 702 masculinam,
1033 623 1118 704 quod
1142 623 1262 688 semion

112 723 278 806 producet,
303 727 335 788 et
361 725 554 800 femininam,
578 725 663 807 quod
692 727 825 810 recipiat
853 727 954 810 adque
982 729 1115 802 nutriam
1143 729 1215 794 iude
1244 750 1261 794 a

113 831 144 894 ui
182 829 318 895 feminae
357 831 472 896 dictum
507 849 575 896 osse
609 831 779 909 Tellurem,
813 851 832 896 u
863 834 999 898 masculi
1031 835 1260 900 Tellumonem.

7 989 8 992 ,
114 934 203 1014 Quur
237 955 310 1020 ergo
343 937 521 1020 pontifices,
554 940 591 1002 ut
622 937 691 1020 ipse
724 937 852 1017 iudicet,
882 939 997 1004 additis
1031 961 1156 1024 quoque
1189 943 1259 1007 aliis

83 1043 240 1108 sduobus
277 1047 428 1126 quattuor
464 1044 513 1109 dis
547 1044 670 1108 fuciunt
704 1063 769 1108 rem
808 1045 958 1126 diuinum,
992 1047 1119 1128 Telluri,
1153 1049 1260 1115 Tellu-

112 1151 207 1228 moni‚
233 1151 347 1228 Alteri,
371 1151 508 1216 Rusoni?
545 1149 592 1214 Do
616 1150 741 1215 Tellure
771 1155 804 1216 et
831 1152 1016 1218 Tollumone
1044 1153 1108 1219 ium
1137 1155 1259 1220 dictum

112 1260 169 1324 est.
197 1257 304 1321 Alteri
328 1261 445 1339 quare?
470 1254 561 1335 Quod
586 1277 621 1322 ex
644 1260 737 1336 terra,
760 1257 875 1342 inquit,
899 1260 1028 1324 aluntur
1051 1261 1157 1326 omnio
1180 1281 1259 1344 quae

111 1365 183 1428 nata
207 1367 294 1428 sunt.
325 1363 442 1428 Rusori
467 1367 583 1446 quare?
612 1363 703 1442 Quod
727 1384 848 1442 rursus,
872 1365 986 1448 inquit,
1010 1371 1125 1433 cuncta
1148 1368 1258 1434 eodem

111 1471 327 1536 reuoluuntur.

72 1615 95 1653 ro
541 1594 677 1661 CAPUT
700 1595 831 1661 XXIHI.

112 1735 162 1800 De
186 1735 372 1802 Telluris
402 1737 715 1821 cognominibus
741 1757 957 1821 eorumque
983 1739 1258 1823 significatio·

111 1843 238 1918 nibus,
274 1861 373 1925 quae
414 1844 580 1909 etiamsi
618 1845 732 1908 erant
768 1845 988 1909 multarum
1030 1865 1162 1910 rerum
1203 1847 1257 1910 in-

113 1947 233 2026 dices,
269 1969 343 2015 non
377 1949 607 2016 debuerunt
638 1951 858 2016 multorum
892 1951 1055 2015 deorum
1088 1951 1255 2018 firmare

570 2057 792 2140 opiniones.

73 2219 94 2257 n
152 2199 275 2265 Debuit
302 2219 375 2284 ergo
404 2219 467 2266 una
493 2204 575 2264 terra
602 2205 730 2284 propter
755 2200 851 2264 istam
886 2201 1155 2284 quislergeminam
1189 2201 1257 2265 uim

112 2309 260 2386 quattuor
288 2306 401 2372 habore
431 2308 628 2390 cognomina,
653 2327 714 2372 uon
742 2309 893 2389 quattuor
920 2307 1023 2371 lucere
1047 2306 1137 2382 doos;
1172 2307 1257 2371 sicut

7 2459 8 2470 ,
110 2415 156 2476 tot
175 2414 420 2498 cognominibus
440 2434 523 2480 unus
542 2415 685 2498 Iuppiter
704 2418 735 2478 et
753 2415 804 2478 tot
822 2413 1063 2496 cognominibus
1082 2432 1146 2477 una
1164 2413 1254 2490 Iuno,

111 2517 139 2580 iu
166 2521 283 2601 quibus
308 2521 455 2586 omnibus
480 2521 530 2586 uis
554 2520 720 2604 multiplex
743 2539 813 2584 esse
838 2519 954 2584 dicitur
977 2519 1017 2584 ud
1039 2539 1136 2584 unum
1160 2519 1256 2584 deum

8 2607 9 2610 ¹
111 2625 161 2688 uel
182 2645 280 2690 unam
306 2627 396 2691 deam
415 2627 585 2708 pertinens,
605 2645 666 2691 uon
686 2625 859 2690 multitudo
880 2625 1104 2708 cognominum
1124 2624 1254 2690 deorum

74 2751 95 2788 o
112 2731 202 2796 etiam
217 2733 457 2798 multitudinem
472 2732 602 2798 inciens.
627 2731 689 2798 Sed
703 2730 845 2815 prolecto
866 2731 951 2796 siout
970 2731 1137 2813 aliquando
1158 2731 1255 2796 etiam

9 2857 10 2864 ¹
111 2837 192 2920 ipsus
224 2839 402 2905 uilissimae
438 2841 570 2905 feminas
609 2858 727 2916 eorum,
761 2857 838 2922 quas
874 2837 1006 2902 libidine
1043 2837 1254 2919 quaesierunt,

111 2945 213 3012 taedet
233 2947 438 3030 poenitetque
461 2947 640 3012 turbarum:
666 2945 712 3010 sic
737 2945 872 3010 animam
896 2944 994 3009 uilem
1016 2943 1134 3008 factum
1158 2946 1191 3008 et
1207 2943 1252 3006 in-

111 3052 231 3117 mundis
262 3053 427 3134 spiritibus
456 3053 661 3137 prostitutam
690 3051 765 3116 deos
795 3051 857 3116 sibi
884 3051 1109 3134 multiplicare,
1137 3050 1252 3132 quibus

112 3159 350 3224 contaminanda
376 3161 635 3244 pmstemerotur,
665 3159 750 3224 sicut
781 3159 953 3242 plurimum
984 3157 1090 3234 libuit,
1119 3157 1166 3222 sic
1198 3157 1252 3221 uli-

74 3283 96 3324 u
113 3266 228 3346 quando
253 3269 287 3332 et
304 3267 420 3351 piguit.
443 3267 526 3332 Nam
546 3269 578 3330 et
596 3267 664 3348 ipse
680 3265 778 3330 Varro
799 3264 890 3346 quasi
909 3264 947 3330 de
965 3265 1035 3348 ipsa
1053 3263 1147 3328 turbu
1165 3283 1252 3327 uero-

112 3372 262 3438 oundatus
295 3393 390 3439 unum
424 3373 515 3438 deam
543 3375 615 3438 uult
643 3391 713 3438 esso
740 3372 910 3436 Tellurem.
948 3369 1109 3449 Tandem,
1137 3369 1250 3453 inquit,

113 3475 215 3545 dicunt
241 3479 376 3546 Matrem
404 3479 568 3564 Magnam
598 3478 683 3562 quod
710 3482 898 3562 tympanum
925 3477 1050 3554 habeut,
1080 3475 1251 3560 significari

113 3602 177 3650 esse
200 3587 307 3651 orbem
326 3591 441 3664 terrse3
467 3586 551 3669 quod
570 3589 673 3650 turres
692 3585 724 3650 in
744 3585 858 3668 capite,
879 3583 1009 3667 oppida3
1034 3583 1119 3666 quod
1138 3583 1250 3648 sedens

144 3794 159 3847 2
185 3797 288 3850 nutriat
306 3796 400 3864 codd.;
421 3797 575 3850 enutriebo
656 3794 719 3849 iude
739 3811 755 3847 a
773 3794 801 3847 ui
819 3793 946 3862 feminee]
972 3791 1085 3846 Indeum
1103 3791 1220 3861 foemine
1243 3791 1253 3843 l

113 3881 286 3938 3fomininue
307 3885 363 3938 0¹0
435 3883 580 3939 dieutccl
652 3882 866 3953 eletq;om.d
936 3877 1250 3946 musculiOab²dpq;

112 3973 247 4028 masculini
266 3973 351 4041 b¹el;
369 3974 553 4028 masculinos
607 3975 672 4028 det
690 3971 773 4026 om.l
827 3971 944 4041 'lquere
962 3969 1039 4024 om.l
1093 3968 1250 4022 ductural

113 4063 230 4116 msonib
287 4065 318 4119 15
338 4064 570 4134 quatergeminsm
589 4063 682 4128 codd.;
700 4059 902 4132 quadrigemv
962 4059 995 4113 18
1014 4056 1138 4111 omnibus
1157 4057 1248 4110 suisb

114 4147 145 4201 ud
161 4166 272 4208 unume
333 4153 367 4208 20
387 4153 469 4206 obiam
479 4191 557 4206 .....
569 4149 714 4220 aliqnando
732 4166 784 4204 om.
804 4148 829 4202 e¹
890 4150 923 4202 21
945 4147 1066 4202 eoruml
1101 4145 1136 4200 28
1155 4145 1248 4198 urbem

117 4235 149 4304 U;
165 4237 197 4292 ob
215 4255 270 4294 rem
289 4241 310 4295 1¹
364 4245 451 4294 turres
473 4239 597 4308 Ob²qu3
614 4239 696 4292 turris
715 4237 842 4307 b¹delp
860 4236 961 4292 Domb.
1016 4237 1112 4290 sedens
1130 4233 1249 4302 fingatur

114 4341 177 4381 corr.
193 4329 224 4383 G.
241 4333 331 4400 Zoepa
346 4333 382 4398 (v.
393 4331 434 4386 Μ.
445 4329 554 4398 Haupt,
569 4327 663 4384 Herm.
678 4328 754 4382 IIII
760 4345 791 4396 p.
807 4330 896 4396 333)‚·
913 4324 991 4380 sedes
1004 4325 1143 4394 tingantur
1156 4338 1217 4378 cess.
1232 4339 1248 4377 u
