3136 4934
288 405 351 468 456
643 403 669 456 S.
698 403 855 468 Aurelii
881 405 1098 474 Augustini

289 597 527 678 perfeetum.
576 597 656 663 eum
689 598 789 682 igitur
820 619 895 664 uera
923 600 1077 664 sacrificia
1106 620 1199 683 opera
1227 601 1292 665 sint
1315 603 1433 666 misen'-

290 689 414 767 cordiae
444 705 512 770 siue
542 707 573 769 in
605 723 662 769 nos
693 705 780 788 ipsos
805 706 873 769 siue
897 706 928 770 in
951 707 1122 790 proximos,
1156 727 1235 790 quae
1258 709 1434 773 referuntur

289 809 328 873 ad
353 810 466 887 Deum,
495 831 589 894 opera
611 831 686 876 uero
706 811 939 890 misericordiae
958 832 1019 877 non
1039 812 1079 878 ob
1099 813 1186 878 aliud
1208 814 1294 894 fiant,
1319 815 1381 880 nisi
1398 821 1433 880 ut

290 935 306 979 a
330 917 458 981 miseria
479 918 651 983 liberemur
674 937 710 983 eo
733 938 789 1000 per
811 919 872 982 hoo
895 924 932 982 ut
953 919 1039 982 beati
1064 919 1165 984 simus
1188 921 1290 1006 (quod
1313 940 1374 986 non
1400 921 1433 984 fit

289 1023 450 1089 nisibeno
470 1024 537 1104 illo,
562 1026 600 1090 de
620 1045 681 1108 quo
702 1025 823 1090 dietum
847 1028 910 1089 est:
935 1025 1034 1090 Mihi
1059 1031 1192 1091 eutem
1216 1027 1432 1092 adhaerere
1461 1051 1471 1089 e

289 1127 369 1192 Deo
393 1129 537 1194 bonurn
562 1128 653 1216 est):
686 1130 828 1213 profeoto
857 1130 1003 1206 efficitur,
1036 1133 1074 1195 ut
1100 1135 1169 1198 tota
1196 1133 1266 1215 ipse
1293 1133 1434 1198 redemta

289 1234 414 1312 ciuitas
438 1234 497 1299 hoo
523 1239 572 1300 est
595 1236 797 1321 congregotio
823 1237 1021 1318 societasque
1041 1242 1233 1314 sanctorum,
1256 1239 1433 1302 uniuersale

289 1340 479 1404 sacrificium
504 1343 653 1406 offeretur
675 1341 743 1407 Deo
767 1361 822 1424 per
846 1341 1043 1407 sacerdotem
1067 1361 1227 1426 magnum,
1261 1345 1316 1426 qui
1340 1345 1431 1410 etiam

291 1464 324 1510 se
348 1446 454 1528 ipsum
479 1448 597 1512 obtulit
619 1450 650 1512 in
673 1449 821 1532 passione
845 1467 900 1532 pro
925 1449 1027 1527 nobis,
1060 1453 1098 1512 ut
1128 1451 1208 1514 tanti
1232 1451 1346 1532 capitis
1371 1469 1433 1515 eor·

288 1571 348 1634 pus
373 1572 527 1632 essemus,
553 1555 726 1620 seeundum
751 1555 885 1620 formam
910 1555 1003 1620 serui.
1032 1556 1122 1620 Hane
1146 1556 1229 1620 enim
1254 1557 1380 1634 obtulit,
1403 1559 1431 1621 in
1449 1581 1469 1620 o

288 1659 348 1723 beo
363 1660 489 1725 oblatus
505 1665 563 1737 est,
581 1663 654 1744 quia
674 1662 846 1726 seeundum
866 1662 946 1726 hano
959 1662 1115 1726 mediator
1129 1665 1188 1738 est,
1208 1661 1239 1726 in
1256 1663 1316 1728 hac
1335 1683 1431 1727 saeer-

289 1765 356 1845 doS‚
371 1766 402 1830 in
417 1769 476 1831 beo
492 1767 681 1832 sacrificium
701 1771 760 1832 est.
791 1767 869 1833 Cum
889 1768 996 1848 itaque
1015 1787 1071 1832 nos
1091 1768 1236 1833 hortatus
1257 1775 1345 1833 esset
1363 1790 1431 1852 apo-

290 1873 403 1956 stolus,
424 1879 461 1938 ut
480 1876 683 1939 exhibeamus
704 1893 834 1958 corpora
856 1878 965 1938 nostre
982 1875 1118 1939 hostiam
1138 1875 1258 1951 uiuam,
1283 1883 1430 1949 sanctam,

289 1979 356 2044 Deo
376 1981 561 2063 placentem,
582 1983 767 2046 rationabile
791 1981 979 2063 obsequium
1000 1985 1154 2058 nostrum,
1175 1985 1207 2046 et
1229 2001 1291 2046 non
1315 1984 1429 2047 eonfor-

289 2106 412 2151 1nemur
426 2089 500 2152 huie
516 2090 653 2164 saeculo,
667 2089 720 2152 sed
736 2089 942 2152 reformemur
957 2087 986 2151 in
1002 2089 1145 2152 nouitate
1160 2089 1276 2152 mentis
1292 2095 1427 2154 nostrae:
1448 2117 1468 2154 o

290 2193 537 2274 adprobandum
554 2215 633 2276 quae
649 2195 692 2259 sit
705 2195 856 2260 uoluntas
871 2195 942 2272 Dei,
958 2195 1041 2276 quod
1056 2195 1175 2259 bonum
1191 2199 1224 2258 et
1242 2197 1321 2260 bene
1340 2197 1430 2280 placi-

289 2303 358 2362 tum
387 2304 419 2364 et
446 2301 631 2383 perfeetum,
664 2301 748 2384 quod
776 2305 879 2365 totum
910 2299 1098 2366 saoriiioium
1127 2320 1185 2366 nos
1215 2302 1277 2384 ipsi
1308 2321 1428 2366 sumus:

289 2405 388 2471 Dico
420 2407 532 2484 enim,
565 2407 678 2490 inquit,
711 2427 780 2490 per
809 2408 982 2491 gratiam
1015 2407 1099 2484 Dei,
1126 2427 1226 2490 quse
1255 2407 1349 2472 deta
1372 2418 1429 2473 est

290 2513 399 2591 mihi,
426 2515 621 2592 omnibus,
648 2517 714 2596 qui
740 2516 892 2578 suntin
919 2514 1140 2591 nobis‚non
1165 2516 1257 2597 plus
1283 2534 1428 2597 sapere,

290 2639 403 2701 quam
429 2625 594 2704 oportet
617 2641 768 2705 sapere,
789 2623 857 2686 sed
882 2641 1023 2705 sapere
1042 2621 1088 2685 ed
1106 2622 1425 2705 temperantiam
1443 2647 1465 2686 a

290 2726 400 2790 siout
424 2727 649 2810 unicuique
668 2729 776 2793 Deus
795 2729 977 2810 partitus
997 2733 1060 2792 est
1077 2747 1301 2792 mensuram
1321 2727 1427 2791 fidei.

290 2832 1426 2919 Siouteniminunocorporemultemembrahabemns,

291 2941 572 3005 omnieouiem
594 2942 1040 3007 membranoneosdem
1062 2940 1428 3006 aotushebent:ita

289 3047 399 3111 multi
423 3068 534 3111 unum
555 3067 689 3132 eorpus
710 3069 839 3113 sumus
863 3049 900 3112 in
922 3047 1103 3120 Christo;
1124 3047 1282 3132 singuli
1302 3051 1426 3110 autern

290 3154 395 3218 alter
423 3155 599 3220 alterins
628 3157 811 3233 membra,
836 3155 1033 3219 habentes
1062 3154 1162 3218 dona
1191 3154 1356 3218 diuersa
1378 3170 1464 3218 ses

290 3261 459 3325 eundum
485 3263 667 3346 gratiam,
692 3282 791 3345 quae
815 3261 909 3326 deta
933 3265 995 3326 est
1018 3261 1145 3326 nobis.
1169 3261 1239 3325 Hoo
1263 3263 1314 3326 est
1337 3259 1425 3325 saeri-

288 3367 397 3432 fioinm
427 3368 691 3434 Christianorum:
720 3370 839 3434 multi
868 3389 985 3433 unum
1014 3387 1159 3452 eorpus
1189 3369 1228 3431 iu
1252 3367 1423 3433 Christo.

290 3473 382 3554 Quod
425 3477 520 3540 etiam
562 3480 756 3540 sacramento
799 3477 907 3540 alteris
949 3475 1097 3539 fidelibus
1139 3479 1212 3538 noto
1255 3475 1429 3557 frequentet

290 3583 434 3660 eeclesia,
458 3583 513 3646 ubi
538 3583 566 3647 ei
586 3583 829 3662 demonstratur,
850 3583 932 3665 quod
957 3583 988 3646 in
1008 3600 1043 3646 ea
1063 3601 1106 3660 re,
1127 3601 1222 3664 quani
1243 3581 1428 3663 offe1·t‚ipsa

289 3689 445 3754 offeratur.

378 3918 394 3968 5
412 3917 456 3970 Ρε.
477 3917 520 3979 72,
539 3917 573 3969 28
630 3916 661 3969 17
684 3917 756 3970 Rom.
778 3917 820 3984 12,
839 3917 856 3970 3
875 3933 933 3985 sqq.

327 4039 450 4092 leonte
505 4039 728 4107 2iuproximoe
783 4037 1276 4107 5mihi..,bonuniestimares
1331 4037 1426 4090 loini-

288 4131 332 4180 ias
352 4125 427 4180 deis
481 4126 643 4180 Sofferats
700 4128 731 4181 lo
750 4128 816 4180 haec
835 4128 941 4181 enirnb
998 4129 1031 4181 12
1050 4128 1154 4197 itaque]
1174 4127 1259 4196 igitur
1279 4143 1297 4180 a
1353 4127 1385 4180 14
1402 4129 1426 4178 et

289 4215 354 4282 nou]
373 4221 403 4269 nt
417 4232 462 4284 ps
519 4217 551 4270 lo
569 4216 631 4269 huie
651 4216 757 4270 saeculo
778 4215 826 4268 sed
844 4216 1020 4270 reformemur
1038 4233 1089 4270 om.
1104 4233 1148 4284 ps
1221 4216 1253 4268 21
1274 4213 1338 4268 fidei
1357 4229 1425 4267 men-

289 4320 412 4358 suramo
466 4306 500 4358 23
520 4305 634 4358 eundern
654 4309 742 4359 setun]
762 4323 776 4360 e
829 4307 862 4359 29
883 4307 909 4358 in
930 4323 961 4358 ea
980 4306 1118 4359 oblatione
1138 4322 1179 4358 oe
