3072 4928
371 456 422 510 De
448 455 623 510 ciuitate
647 451 709 507 dei
727 451 793 509 lib.
812 451 848 505 11.
869 467 946 521 cap.
968 451 1010 506 12.
1031 451 1073 506 13.
1266 451 1307 516 75

150 652 364 716 miscuerunt.
387 651 477 715 Itane
501 647 637 723 tandem,
658 645 776 729 Scipio,
795 646 907 712 laudas
931 645 1011 710 hanc
1036 643 1138 728 poetis
1156 643 1307 709 Romanis

151 761 305 842 negatam
338 776 408 822 esse
439 755 611 832 licentiam,
644 759 682 820 ut
713 754 862 838 cuiquam
895 751 1098 835 obprobrium
1129 750 1309 834 infligerent

150 865 383 940 Romanorum,
407 882 480 928 eum
508 862 618 927 uideas
647 879 701 926 eos
725 859 806 926 nulli
831 860 961 926 deorum
984 858 1163 942 pepercisse
1186 861 1308 922 uestro·

150 975 249 1036 rum?
281 971 370 1039 itane
392 970 494 1054 pluris
518 969 578 1034 tibi
600 967 742 1034 habenda
765 971 816 1034 est
839 965 1029 1033 existimatio
1054 964 1159 1030 curiae
1183 967 1308 1030 uestrae

113 1097 251 1160 aquam
285 1077 443 1159 Capitolii,
475 1078 573 1143 immo
606 1077 725 1141 Romae
757 1074 853 1139 nnius
887 1093 982 1157 quam
1015 1071 1094 1138 caeli
1126 1072 1238 1146 totius,
1271 1074 1308 1135 ut

149 1184 299 1267 linguam
326 1183 513 1248 maledicam
542 1185 574 1248 in
604 1183 692 1248 ciues
716 1186 789 1248 bros
814 1200 956 1247 exercere
979 1183 1091 1263 poetae
1116 1179 1213 1243 etiam
1234 1179 1307 1261 lege

149 1290 407 1374 prohiberentur,
441 1293 473 1354 et
504 1289 534 1353 in
568 1289 645 1354 deos
677 1293 751 1355 tuos
785 1287 888 1353 securi
920 1289 1009 1351 tanta
1041 1283 1187 1350 conuicia
1218 1283 1307 1348 nullo

150 1399 300 1462 senators
319 1396 407 1460 nullo
428 1415 566 1472 censore,
580 1395 668 1459 nullo
688 1393 828 1478 principe
848 1392 936 1459 nullo
955 1391 1104 1476 pontifice
1122 1390 1307 1475 prohibente

148 1504 388 1568 incuterentur?
411 1502 578 1588 Indignum
603 1500 755 1566 uidelicet
777 1500 849 1580 fuit,
869 1504 906 1566 nt
928 1501 1063 1565 Plautus
1088 1501 1143 1562 aut
1165 1495 1307 1562 Naeuius

93 1606 284 1696 1⁰[Publio
309 1606 351 1697 et]
378 1607 437 1674 Gn.
463 1606 604 1692 Scipioni
627 1613 683 1673 aut
706 1607 864 1673 Caecilius
888 1608 933 1672 M.
958 1605 1068 1672 Catoni
1091 1603 1306 1680 malediceret,

147 1719 187 1780 et
225 1715 358 1800 dignum
394 1715 467 1794 leit,
500 1717 537 1778 ut
569 1714 734 1780 Terentius
771 1718 878 1780 uester
914 1713 1036 1797 flagitio
1069 1711 1156 1777 louis
1194 1709 1306 1794 optimi

146 1821 284 1886 maximi
308 1821 561 1886 adulescentium
584 1820 759 1902 nequitiam
784 1821 975 1885 concitaret?

607 2030 743 2097 CAPUT
766 2029 854 2095 XIII.

146 2173 360 2239 Debuisse
398 2172 646 2256 intellegere
680 2171 889 2246 Romanos,
931 2169 1035 2253 quod
1073 2168 1110 2233 di
1157 2188 1302 2245 eorum,

95 2315 126 2356 1⁶
200 2279 270 2362 qui
294 2299 333 2345 se
357 2279 550 2363 turpibus
572 2278 684 2344 ludis
710 2277 791 2342 coli
816 2277 1069 2360 expetebant,
1094 2274 1254 2360 indigni

485 2389 625 2451 essent
646 2386 796 2450 honore
820 2383 973 2450 diuino.

199 2527 263 2594 Sed
290 2527 495 2612 responderet
522 2527 600 2591 mihi
628 2527 774 2605 fortasse,
804 2525 832 2590 si
859 2526 996 2590 uiueret:
1027 2524 1096 2606 Quo
1125 2524 1218 2590 modo
1247 2543 1303 2590 nos

145 2636 217 2699 iata
240 2634 385 2718 inpunita
405 2653 474 2700 esse
494 2633 662 2711 nollemus,
683 2653 762 2715 quae
788 2631 851 2715 ipsi
875 2633 907 2697 di
927 2651 1015 2698 saera
1034 2647 1104 2702 esse
1124 2631 1304 2710 uoluemnt,

146 2760 229 2806 cum
244 2739 336 2805 ludos
351 2740 524 2819 scaenicos,
539 2740 595 2804 ubi
609 2739 686 2804 talia
705 2739 903 2804 celebrantur
921 2738 1108 2804 dictitantur
1122 2739 1303 2812 actitantur,

93 2881 124 2922 ,ο
147 2849 187 2911 et
210 2845 360 2910 Romanis
389 2846 531 2910 moribus
557 2845 745 2910 inunxerunt
772 2848 804 2909 et
832 2845 900 2910 suis
929 2845 1100 2910 bonoribus
1129 2845 1227 2910 dicari
1256 2863 1303 2910 er-

145 2952 321 3035 hiberique
344 2952 525 3016 iusserunt?
551 2951 640 3032 Quur
662 2971 723 3018 non
749 2971 823 3036 ergo
846 2952 921 3018 hinc
944 2953 1046 3037 magis
1064 2951 1127 3034 ipsi
1149 2951 1304 3016 intellecti

146 3061 230 3126 sunt
245 3077 306 3124 non
322 3077 393 3124 esse
416 3059 447 3122 di
466 3059 535 3123 ueri
554 3079 610 3124 nec
631 3059 755 3124 omnino
777 3059 873 3142 digni,
890 3059 1005 3142 quibus
1026 3059 1151 3124 diuinos
1170 3058 1303 3123 honores

147 3165 290 3230 deferret
321 3165 377 3230 illa
409 3184 459 3231 ros
490 3165 640 3248 publica?
687 3165 774 3248 Quos
808 3167 891 3230 enim
925 3166 986 3231 coli
1018 3165 1147 3231 minime
1180 3165 1305 3230 deceret

145 3271 346 3354 minimeque
379 3274 547 3354 oporteret,
577 3272 605 3338 si
636 3270 729 3336 ludos
763 3274 946 3356 expeterent
979 3272 1117 3357 agendos
1150 3271 1304 3338 conuiciis

191 3499 203 3551 l
225 3495 341 3602 tepidam,
360 3513 377 3548 n
397 3512 476 3559 erae..
495 3496 522 3550 L
585 3499 602 3550 4
620 3497 710 3566 plures
733 3495 766 3551 0¹
820 3499 836 3552 5
857 3497 990 3566 capitolij,
1010 3497 1029 3566 ij
1050 3514 1085 3551 m.
1107 3501 1127 3551 2
1145 3498 1176 3552 s'n
1194 3515 1260 3564 rue,
1283 3499 1307 3552 0

147 3615 329 3668 immoromae
349 3611 388 3679 L;
406 3614 488 3667 immo
506 3629 562 3666 non
580 3629 670 3666 romae
689 3615 713 3666 A
785 3613 801 3667 6
822 3629 943 3667 exercere
963 3611 1022 3666 cn
1035 3612 1178 3682 c1a²pq;
1197 3630 1303 3668 exerere

150 3701 469 3766 C³a¹baf5erserere
489 3701 529 3754 eb
610 3703 693 3771 pocta
714 3700 746 3754 0¹
821 3701 960 3755 lsaecnri
978 3700 1037 3754 LA
1109 3701 1304 3772 9planotusq

148 3795 254 3846 auten.
275 3791 513 3846 2inetccrr.b
584 3791 617 3844 10
636 3789 734 3844 Publio
754 3792 783 3844 et
801 3805 852 3844 cm.
872 3789 926 3844 Lo
995 3776 1054 3844 GN.
1074 3789 1168 3844 Lac
1244 3807 1303 3845 rae-

146 3881 206 3935 lius
227 3878 286 3934 Cu¹
390 3867 445 3935 Md
461 3879 484 3932 A
490 3901 497 3944 ;
516 3895 606 3934 marco
627 3879 666 3933 be
683 3878 816 3934 immtatis
832 3879 930 3949 plessis
942 3879 1027 3946 foede
1044 3885 1176 3948 corrupta
1188 3880 1305 3948 praebet

149 3971 184 4023 d:
209 3973 241 4022 ut
262 3969 373 4039 plautus
396 3971 445 4022 aut
466 3986 501 4023 ne
526 3969 645 4039 [alaninp
670 3969 786 4034 (nterii)
811 3968 890 4022 huius
913 3969 1022 4039 puplius
1042 3973 1070 4022 et
1087 3985 1158 4038 gneo
1177 3969 1302 4037 scipioni]

147 4060 214 4113 uiua
239 4057 373 4127 [pontifici
399 4061 428 4112 et
452 4058 603 4112 clarissimo
628 4057 726 4126 nobili}
753 4058 868 4127 scipioni
893 4062 941 4112 aut
966 4057 1076 4112 cecilius
1100 4073 1188 4111 marco
1213 4057 1303 4111 catoni

152 4150 185 4203 ll
206 4145 278 4201 iobis
297 4146 355 4200 Ln
456 4145 595 4200 obtimili
687 4147 720 4200 12
741 4145 961 4201 adulescentibus
981 4147 1009 4198 ιιι
1100 4148 1133 4201 17
1153 4145 1303 4201 uiberetL

149 4237 188 4291 18
205 4235 325 4291 nolimus
344 4241 369 4304 f
403 4235 509 4290 21non
530 4234 1159 4340 ergoLriqubdcmergononoDorub.
1215 4236 1302 4304 magis

149 4370 207 4406 non
226 4351 290 4407 hine
309 4367 339 4420 q;
357 4351 445 4421 magis
463 4351 527 4406 hinc
549 4351 572 4405 0
624 4353 659 4406 22
678 4349 767 4406 diueri
785 4352 812 4407 L
