3072 4930
273 428 338 492 206
617 430 643 486 S.
671 428 829 484 Aurelii
856 430 1075 500 Augustini

274 620 333 685 uiri
357 621 388 685 in
413 622 479 687 suis
503 622 620 687 litteris
644 624 819 688 multorum
839 624 969 690 deorum
988 624 1127 690 ludibria
1144 629 1330 708 pesuerunt,
1348 645 1418 692 con·

274 727 356 792 iiteri
380 748 417 793 ea
438 729 547 812 potius
567 730 692 794 occulta
716 730 774 794 Dei
793 731 960 796 uoluntate
979 732 1124 814 conpulsi
1144 736 1221 796 sunt
1240 752 1334 815 quam
1351 754 1417 817 per·

276 835 407 900 suadere
431 837 545 901 conati.
595 835 628 901 si
653 855 715 918 qua
738 837 838 921 igitur
861 857 879 902 a
902 839 993 902 nobis
1020 839 1094 903 inde
1117 840 1302 906 testimonia
1323 842 1419 924 profe-

274 947 398 1018 runtur,
423 943 462 1007 ad
487 961 541 1008 eos
565 943 798 1028 redarguendos
821 945 1032 1027 proferuntur,
1057 946 1110 1027 qui
1130 947 1244 1012 nolunt
1261 946 1419 1013 aduertere

277 1050 315 1114 de
340 1053 458 1133 quanta
481 1054 631 1132 atquem
659 1052 800 1136 maligna
823 1051 1012 1117 daemonum
1039 1056 1199 1136 potestate
1227 1073 1285 1119 nos
1312 1055 1421 1119 liberet
1447 1067 1457 1105 ⁵

277 1157 436 1240 singulare
475 1157 666 1224 sacrificium
702 1162 769 1224 tem
806 1159 907 1224 sancti
945 1160 1108 1244 sanguinis
1141 1161 1206 1226 susi
1239 1163 1271 1226 et
1307 1161 1419 1225 donum

278 1262 408 1347 spiritus
432 1263 586 1346 inpertiti.

708 1370 844 1438 CAPUT
868 1372 997 1438 XXXII.

280 1491 334 1557 Ob
350 1493 1106 1579 qnamspeciemutilitatisprincipes
1126 1497 1308 1582 gentium
1328 1499 1420 1580 aput

223 1611 227 1619 '
281 1600 495 1664 sublectos
516 1598 597 1663 sibi
614 1602 789 1683 populos
810 1600 939 1666 falsas
959 1601 1187 1685 religiones
1203 1603 1420 1668 uoluerunt
1438 1619 1457 1657 o

731 1725 973 1790 permanere.

325 1829 413 1894 Dicit
431 1830 525 1895 etiarn
541 1831 579 1895 de
599 1833 854 1915 generationibus
874 1831 1004 1897 deorum
1022 1834 1126 1917 magis
1146 1834 1185 1898 ad
1203 1839 1314 1918 poetas
1332 1855 1422 1916 quarn

282 1937 320 2001 ad
349 1937 498 2021 physicos
527 1936 627 2003 fuisse
659 1938 794 2022 populos
827 1939 1016 2018 inclinatos.
1044 1945 1076 2004 et
1102 1939 1175 2005 ideo
1204 1944 1237 2004 et
1265 1960 1371 2006 serum
1394 1946 1422 2005 et

282 2043 500 2127 generationes
525 2043 655 2110 deorum
685 2043 819 2109 maiores
849 2065 935 2122 suos,
969 2045 1075 2110 idest
1102 2049 1227 2112 ueteres
1256 2048 1422 2112 credidisse

281 2150 441 2214 Romanos
470 2153 502 2213 et
529 2169 636 2214 eorum
671 2151 877 2216 constituisse
907 2153 1063 2236 coniugia.
1111 2153 1203 2232 Quod
1232 2155 1343 2236 utique
1366 2173 1420 2218 non
1439 2169 1458 2209 u

282 2256 377 2320 aliam
405 2263 444 2320 ob
475 2275 604 2322 causam
632 2257 751 2322 factum
778 2257 914 2334 uidetur,
949 2259 1011 2322 nisi
1038 2260 1113 2341 quia
1138 2260 1304 2326 hominum
1336 2263 1421 2326 uelut

277 2362 482 2445 prudentium
507 2365 539 2427 et
563 2364 753 2446 sapientium
781 2365 945 2448 negotium
972 2364 1034 2430 fuit
1061 2366 1214 2449 populum
1244 2368 1275 2431 in
1299 2367 1418 2452 religie-

278 2469 371 2534 nibus
394 2469 513 2548 fallere,
540 2473 572 2534 et
589 2471 620 2534 in
641 2490 677 2535 eo
696 2471 766 2553 ipso
786 2490 846 2535 non
866 2471 970 2537 solum
991 2473 1092 2537 colere
1116 2472 1172 2538 sed
1190 2473 1310 2538 imitari
1329 2475 1420 2538 etism

280 2577 459 2654 daemones,
485 2577 601 2659 quibus
626 2577 761 2642 maxima
786 2581 835 2641 est
858 2577 989 2642 fallendi
1013 2579 1182 2662 cupiditas.
1229 2580 1321 2644 Sicut
1342 2581 1420 2645 enim

280 2683 447 2748 daemones
480 2683 542 2748 nisi
574 2703 639 2762 eos,
673 2704 754 2767 quos
787 2684 923 2750 fallendo
958 2685 1147 2768 deceperint,
1180 2688 1343 2770 possidere
1365 2705 1457 2752 none

280 2795 424 2872 possunt,
449 2790 495 2855 sic
518 2795 550 2856 et
573 2791 716 2856 homines
740 2792 908 2875 principes,
933 2812 993 2857 non
1018 2794 1200 2872 sauciasti,
1226 2794 1282 2859 sed
1302 2793 1421 2860 daemo-

282 2917 357 2960 num
382 2897 513 2974 similes,
540 2917 586 2976 ea,
620 2917 700 2981 quae
723 2917 807 2962 uana
829 2917 900 2962 esse
923 2903 1086 2974 nouerant,
1114 2901 1276 2985 religionis
1301 2901 1421 2966 nornine

281 3003 408 3086 populis
431 3007 594 3086 tamquam
617 3024 694 3068 uera
718 3005 901 3084 suadebant,
935 3007 996 3071 boc
1019 3007 1113 3072 modo
1139 3027 1192 3072 eos
1217 3008 1306 3072 ciuili
1331 3009 1422 3074 socie-

282 3109 342 3174 tati
365 3111 456 3174 uelut
474 3111 578 3192 aptius
599 3111 785 3196 adfigentes,
807 3131 868 3195 que
889 3113 1035 3178 similiter
1054 3113 1199 3180 subditos
1218 3114 1421 3198 possiderent

284 3214 363 3295 Quis
388 3218 494 3280 eutem
517 3215 659 3281 infirmus
685 3220 717 3281 et
744 3217 891 3282 indoctus
925 3218 1073 3283 euaderet
1105 3219 1202 3284 simul
1233 3219 1364 3285 fallaces
1396 3223 1457 3284 eta

283 3321 441 3404 principes
466 3321 605 3387 ciuitatis
630 3327 661 3389 et
685 3324 875 3388 daemones?

703 3513 840 3580 CAPUT
863 3515 1009 3580 XXXIII.

287 3635 399 3716 Quod
422 3635 579 3700 iudicio
604 3641 643 3701 et
664 3642 878 3720 potestate
898 3639 970 3704 Dei
989 3641 1076 3704 ueri
1096 3641 1271 3706 omnium
1290 3662 1423 3728 regum

408 3743 532 3825 adque
556 3761 771 3828 regnorum
797 3747 984 3811 ordinata
1009 3747 1093 3811 sint
1116 3750 1309 3830 tempora.

333 3866 419 3930 Deus
442 3867 541 3951 igitur·
563 3867 618 3931 ille
645 3867 809 3934 soliditatis
840 3871 950 3936 auctor
974 3874 1007 3935 et
1029 3870 1128 3949 dator,
1163 3872 1238 3953 quia
1265 3872 1354 3937 solus
1383 3873 1458 3938 este

288 3991 383 4037 uerus
411 3973 507 4052 Deus,
533 3974 601 4055 ipse
629 3974 683 4038 dat
705 3994 802 4059 regna
830 3980 954 4040 terrena
977 3980 1008 4040 et
1030 3977 1122 4042 bonis
1147 3980 1180 4040 et
1203 3978 1307 4056 malis,
1331 3995 1425 4062 neque

324 4146 587 4200 3indeanobisu
677 4147 789 4202 biluer.
809 4147 835 4201 L
926 4149 1163 4219 rereligiosas
1260 4151 1425 4218 noluerintp

290 4236 324 4289 18
343 4237 449 4302 etsup.
470 4234 557 4289 lien
611 4235 1426 4310 24aptiusunuao¹epsf1>0me.;atiusu²eqas
1515 4231 1516 4274 i

290 4323 324 4376 29
343 4325 407 4375 sunt
420 4339 443 4390 p
