3164 4932
259 442 322 504 598
605 439 630 492 S.
660 437 816 492 Aurelii
844 436 1061 507 Augustini

259 653 332 698 cum
361 637 519 716 operatur;
551 634 625 715 quia
648 652 704 698 nec
730 632 813 696 affici
836 631 988 697 dicendus
1008 635 1068 710 est,
1091 633 1254 714 tamquam
1278 630 1311 694 in
1339 631 1409 694 eius

257 745 370 806 natura
397 741 453 804 fiat
476 740 604 822 aliquid,
631 739 715 822 quod
738 743 811 804 anto
833 758 895 803 non
918 739 1024 804 tuerit.
1060 738 1187 803 Patitur
1210 739 1328 821 quippe
1353 737 1409 820 qui

258 847 404 925 afficitur,
439 851 471 911 et
503 848 655 912 mutabile
688 849 738 911 est
771 866 862 911 omne
896 846 980 928 quod
1012 845 1134 928 aliquid
1164 844 1294 928 patitur.
1337 843 1410 909 Non

256 955 365 1036 itaque
388 955 420 1018 in
445 955 512 1019 eius
532 955 698 1018 uacatione
717 955 876 1037 cogitetur
894 953 1023 1036 ignauia
1040 952 1162 1017 desidia
1178 951 1303 1029 inertia,
1324 951 1412 1015 sicut

258 1079 314 1124 nec
343 1061 373 1124 in
405 1061 473 1125 eius
503 1080 594 1144 opere
629 1060 718 1124 labor
751 1063 883 1124 conatus
911 1059 1078 1124 industria.
1110 1057 1212 1123 Nouit
1239 1059 1410 1141 quiescens
1443 1078 1457 1116 a

257 1185 349 1250 agere
374 1169 405 1231 ot
429 1185 525 1250 agens
549 1166 719 1250 quiescere.
746 1165 859 1230 Potest
882 1166 921 1231 ad
944 1184 1024 1248 opus
1048 1185 1167 1231 nouum
1189 1184 1251 1228 non
1275 1183 1406 1242 nouum,

258 1271 313 1336 sed
346 1273 573 1355 sempitemnm
607 1273 754 1337 adbibere
787 1273 970 1351 consilium
1009 1291 1067 1336 nec
1097 1271 1298 1354 paenitendo,
1332 1269 1409 1352 quia

255 1379 345 1460 prius
374 1384 566 1456 cessauerat,
596 1381 701 1462 coepit
728 1380 830 1444 facere
860 1381 944 1462 quod
971 1399 1032 1445 nou
1061 1378 1188 1444 facerat.
1232 1375 1294 1442 Sed
1323 1381 1355 1440 et
1379 1377 1408 1440 si

257 1485 345 1568 prius
380 1487 519 1551 cessauit
546 1491 578 1551 et
606 1487 765 1569 posterius
794 1490 941 1569 operatus
972 1488 1022 1551 est
1049 1483 1150 1572 (quod
1176 1484 1283 1548 nescio
1313 1501 1410 1564 quem

258 1591 445 1656 admodum
466 1593 504 1656 ab
524 1591 650 1656 homine
669 1593 772 1675 possit
790 1592 962 1678 intellegi):
985 1594 1046 1657 hoc
1063 1592 1175 1675 procul
1194 1589 1302 1668 dubio,
1323 1589 1409 1671 quod
1429 1605 1457 1644 ¹⁰

258 1697 373 1761 dicitur
400 1699 488 1780 prius
518 1701 549 1762 ct
576 1700 746 1782 posterius,
771 1699 801 1762 in
825 1701 921 1764 rebus
944 1699 1033 1782 prius
1057 1717 1118 1763 non
1142 1697 1350 1762 existentibus
1375 1699 1410 1759 et

256 1803 415 1886 posterius
440 1805 648 1870 existentibus
671 1805 746 1882 fuit3
775 1805 806 1868 in
831 1805 886 1869 iilo
912 1809 1018 1870 autem
1042 1824 1103 1869 non
1127 1803 1257 1868 alteram
1282 1821 1409 1886 praece·

257 1911 384 1975 dentem
416 1913 514 1975 altera
546 1913 744 1994 subsequens
778 1913 918 1976 mutauit
951 1915 1007 1975 aut
1034 1911 1168 1975 abstulit
1194 1910 1407 1985 uoluntatem,

257 2017 313 2080 sed
344 2037 406 2081 una
438 2018 609 2101 eademqne
644 2019 837 2102 sempiterna
869 2021 902 2083 et
932 2018 1112 2083 inmutabili
1145 2017 1312 2082 uoluntate
1343 2033 1408 2091 res,

257 2142 335 2206 quas
360 2124 510 2203 condidit,
537 2128 567 2189 et
589 2129 628 2188 ut
650 2125 738 2207 prius
762 2144 823 2189 nou
848 2127 956 2190 essent
979 2125 1055 2209 egit,
1079 2124 1230 2207 quamdiu
1252 2141 1315 2187 non
1340 2121 1458 2186 fue-1⁵

257 2232 340 2309 runt,
366 2234 398 2295 et
420 2234 458 2294 ut
480 2232 639 2313 posterius
664 2234 781 2308 essent,
807 2232 931 2316 quando
956 2249 1026 2296 osse
1050 2233 1231 2314 coeperunt,
1255 2229 1330 2293 hinc
1349 2229 1409 2294 eis.

257 2337 312 2418 qui
335 2337 412 2401 talia
434 2337 542 2401 uidere
566 2341 712 2420 possunt,
736 2339 925 2403 mirabiliter
947 2339 1091 2402 fortassis
1111 2337 1291 2415 ostendens,
1311 2355 1410 2418 quam

256 2461 316 2506 non
345 2445 391 2507 ets
418 2444 602 2528 indiguerit,
632 2445 687 2510 sed
716 2465 768 2510 cas
793 2445 933 2530 gratuita
955 2445 1097 2509 bonitate
1121 2442 1309 2520 condiderit,
1334 2461 1410 2505 aum

257 2548 323 2613 sine
346 2550 412 2614 illis
436 2569 470 2614 er
496 2552 680 2616 aeternitate
704 2551 795 2617 initio
820 2555 945 2617 carente
968 2552 1085 2616 innon
1109 2550 1229 2615 minore
1252 2549 1410 2615 beatitate

255 2655 438 2738 permansit.
1427 2672 1458 2710 ²⁰
1560 2685 1561 2694 2

686 2832 824 2899 CAPUT
846 2833 980 2898 XVIIII.

257 2971 405 3037 Contra
433 2991 510 3052 eos,
540 2975 607 3056 qni
638 2975 781 3038 dicunt
810 2996 862 3054 aa,
888 2995 986 3058 quae
1010 2975 1182 3040 infinita
1205 2977 1311 3052 sunt,
1336 2995 1410 3040 nec

436 3080 537 3144 ·Dei
559 3101 681 3165 posse
706 3083 884 3146 scientia
908 3083 1193 3167 conprehendi.

299 3220 384 3285 iilud
413 3224 520 3285 autem
549 3219 637 3285 aliud
665 3222 749 3304 quod
778 3222 898 3300 dicunt,
926 3242 983 3287 nec
1007 3222 1067 3286 Dei
1095 3222 1229 3287 scientia
1257 3241 1337 3305 quae
1362 3222 1412 3286 in·

256 3325 343 3391 finita
376 3330 453 3391 sunt
480 3347 573 3411 posse
602 3328 827 3410 conprehendi:
861 3331 962 3394 restat
989 3329 1045 3408 eis,
1072 3334 1109 3392 ut
1137 3328 1240 3393 dicere
1269 3328 1412 3392 audeant
1431 3350 1460 3390 ιε

256 3433 358 3516 adque
386 3434 461 3499 huic
490 3453 524 3499 se
552 3435 697 3518 uoragini
721 3434 892 3519 profundae
917 3436 1080 3519 inpietatis
1108 3435 1296 3518 inmergant,
1321 3437 1411 3518 quod

256 3559 316 3604 non
347 3559 455 3605 omnes
479 3561 627 3606 numeros
652 3542 739 3606 Deus
764 3542 899 3606 nouerit.
931 3543 994 3608 Eos
1019 3542 1135 3624 quippe
1158 3541 1300 3606 infinitos
1325 3561 1410 3621 esse,

257 3647 471 3712 certissimum
496 3652 558 3724 est3
584 3648 733 3731 quoniam
757 3648 787 3712 in
808 3668 1010 3731 quocumque
1029 3667 1158 3713 numero
1177 3647 1272 3713 finem
1290 3648 1410 3714 facien-

255 3753 330 3817 dum
358 3754 533 3837 putaueris,
562 3756 646 3820 idern
674 3759 753 3838 ipse,
783 3773 844 3819 non
874 3755 944 3820 dico
973 3775 1035 3820 uno
1064 3754 1172 3819 addito
1201 3757 1322 3839 augeri,
1350 3756 1409 3820 sed

293 3945 305 3998 1
328 3945 392 4014 quia
409 3961 459 3999 nac
478 3961 528 3999 om.
549 3963 563 4000 a
641 3946 684 4002 aff.
704 3947 769 4016 dic]
791 3945 951 4000 afficiendus
970 3963 996 4012 c,·
1015 3944 1190 4000 afficiccndns
1208 3951 1220 3998 t
1299 3946 1328 3999 in
1348 3945 1407 4000 eius

256 4069 342 4122 emb
389 4069 478 4123 2non
499 4073 598 4125 antea·
652 4072 740 4140 qniat
788 4048 974 4140 tutique,a'a
991 4087 1076 4140 marp.
1089 4072 1220 4139 ibiquae
1275 4071 1408 4140 cogIturt

253 4157 373 4211 inbertia
392 4163 403 4210 t
486 4159 516 4212 11
539 4161 567 4211 et
586 4160 721 4229 posterius
740 4160 768 4212 in
788 4159 869 4214 rebus
888 4159 962 4228 prius
982 4175 1032 4213 om.
1052 4175 1066 4212 e
1149 4159 1181 4211 12
1198 4157 1228 4210 in
1246 4157 1295 4212 illo
1315 4161 1405 4211 eutem

254 4247 339 4298 fuiti
389 4247 421 4299 13
440 4247 561 4300 mutabit
579 4253 612 4300 et
661 4250 694 4302 14
713 4249 761 4302 sed
779 4266 864 4317 araque
883 4249 922 4301 od
939 4248 1082 4302 uoluntate
1101 4265 1152 4302 one.
1172 4247 1191 4302 2¹
1241 4247 1404 4302 1111011111-

257 4335 356 4388 denei
413 4336 444 4387 18
464 4336 671 4406 indigueruntt
727 4339 759 4392 19
778 4339 950 4392 beatitudine
973 4336 1045 4392 V¹a²
1099 4339 1133 4393 28
1152 4339 1235 4392 finci
