3136 4928
363 481 411 536 De
436 482 609 537 ciuitate
634 484 694 538 dei
717 485 782 538 lib.
807 484 852 542 XI.
877 503 951 556 cap.
978 488 1018 541 19.
1042 439 1088 543 20.λ
1234 492 1298 556 539

147 676 265 759 quippe
289 676 342 741 ille
367 677 428 742 iste
453 677 627 743 discerncre
651 679 766 762 potuit,
787 681 840 762 qui
863 681 970 763 pctuit
993 683 1087 747 etiarn
1112 684 1297 766 priusquam

147 782 296 848 caderent
317 784 474 865 praescire
498 803 628 850 casurus
648 791 680 850 et
698 787 840 869 priuatos
860 787 980 852 lumine
999 790 1145 854 ueritatis
1163 790 1195 853 in
1214 793 1299 854 tene-

146 890 242 954 brosa
259 891 408 972 superbia
426 909 637 957 remansuros.
662 893 744 957 Nam
762 894 845 958 iuter
863 895 962 959 istum
982 896 1074 960 uobis
1094 897 1299 960 notissimum

148 997 232 1060 diem
266 1000 298 1062 et
330 1001 467 1074 uectem,
496 998 529 1062 id
562 1001 612 1062 est
643 1000 726 1063 inter
754 1001 834 1065 banc
862 1001 967 1065 lucem
997 1005 1029 1066 et
1056 1003 1113 1066 bas
1141 1003 1298 1078 tenebras,

117 1103 374 1186 nuulgatissime
410 1104 559 1169 sensibus
591 1107 708 1171 nostris
741 1107 908 1172 luminaria
941 1109 1021 1172 caeli
1054 1111 1090 1173 ut
1121 1107 1300 1171 diuiderent

147 1210 331 1292 imperauit:
375 1210 504 1288 Fiant,
542 1211 657 1294 inquit,
698 1213 918 1278 luminaria
958 1214 996 1278 in
1039 1214 1297 1306 firmem-ento

148 1316 266 1398 caeli,
295 1321 338 1380 ut
369 1318 536 1382 luceant
568 1338 689 1400 super
721 1324 868 1385 terrem
904 1322 943 1382 et
970 1321 1162 1384 diuidaut
1190 1320 1299 1384 inter

148 1421 253 1486 diem
282 1426 320 1487 et
347 1428 522 1500 unctem;
547 1429 579 1489 et
601 1426 697 1508 paulu
720 1429 809 1508 pust:
838 1427 886 1490 llt
913 1428 1026 1504 fecit,
1051 1427 1165 1510 inquit,
1190 1426 1297 1490 Deus

149 1529 224 1592 dun
248 1527 469 1594 luminaria
491 1549 642 1614 magna,
662 1531 862 1596 luminare
885 1532 1013 1596 maius
1032 1532 1071 1595 in
1091 1531 1298 1614 principia

105 1635 241 1712 indici,
275 1639 314 1699 et
350 1636 550 1700 luminare
587 1637 719 1700 miuus
757 1637 795 1700 iu
832 1636 1040 1719 principia
1078 1638 1224 1715 unctis,
1260 1642 1299 1702 et

148 1742 317 1815 stellam
349 1745 388 1807 et
421 1743 563 1824 posuit
595 1743 672 1808 illa
699 1743 805 1808 Deus
837 1744 876 1808 in
904 1742 1164 1808 firmamento
1193 1743 1298 1808 caeli

148 1848 288 1912 lucere
325 1867 446 1930 super
481 1851 629 1913 terram
672 1853 710 1914 et
751 1868 943 1931 praeesse
989 1850 1072 1913 diei
1111 1853 1149 1914 et
1186 1851 1298 1916 uncti

149 1961 189 2020 et
226 1955 411 2019 diuidere
449 1956 557 2020 inter
592 1957 723 2020 lucem
762 1959 801 2020 et
837 1956 1039 2020 tenebras.
1087 1955 1173 2019 Inter
1209 1957 1299 2021 illam

148 2081 224 2126 uere
250 2060 367 2140 lucem,
391 2081 471 2144 quae
501 2065 610 2127 sancta
634 2062 771 2126 societas
796 2062 980 2146 angelorum
1004 2065 1055 2126 est
1077 2063 1298 2127 inlustratione

102 2169 295 2234 seueritatis
332 2169 585 2253 intellegibiliter
619 2169 757 2252 fulgens,
796 2174 828 2233 et
865 2169 893 2232 ei
931 2168 1102 2233 contrarias
1141 2168 1298 2245 tenebras,

148 2277 182 2340 id
211 2279 260 2340 est
288 2276 444 2340 malorum
468 2276 651 2359 angelorum
676 2295 857 2340 suessorum
884 2277 995 2340 aluce
1020 2275 1160 2339 iustitiae
1184 2279 1299 2340 taeter-

147 2385 245 2447 rimae
278 2385 411 2461 mentes,
441 2382 509 2463 ipse
542 2381 683 2447 diuidere
716 2383 832 2464 potuit,
862 2383 912 2446 cui
941 2382 1037 2446 etiam
1065 2382 1209 2446 futurum
1238 2401 1298 2447 non

150 2493 291 2566 natiuae,
319 2487 374 2552 sed
408 2489 584 2553 uoluntatis
617 2489 736 2552 malum
770 2489 932 2553 occultum
961 2492 1016 2553 aut
1044 2489 1198 2552 incertum
1230 2507 1299 2552 esse

148 2613 211 2660 nun
235 2595 349 2677 potuit.

104 2775 131 2816 ²⁰
612 2753 749 2820 CAPUT
773 2754 841 2818 XX.

150 2898 205 2962 De
239 2916 293 2974 eo,
323 2896 424 2980 quod
455 2898 549 2979 post
577 2895 872 2960 discretionem
900 2895 1009 2960 lucis
1039 2895 1168 2977 adque
1196 2899 1300 2960 tene-

199 3003 358 3067 brarum
384 3001 536 3066 dictum
562 3005 641 3066 est:
665 3001 714 3064 llt
737 3002 846 3065 uidit
868 3002 973 3066 Deus
997 3003 1129 3066 lucem
1154 3003 1250 3084 qnia

628 3109 729 3173 bona
753 3113 825 3173 est.

195 3251 340 3334 Denique
372 3271 430 3316 nec
461 3251 543 3316 illud
576 3255 626 3316 est
656 3251 919 3335 praetereundum
953 3249 1092 3328 silentio,
1121 3249 1216 3332 quod,
1246 3251 1300 3314 ubi

103 3381 130 3422 sa
150 3358 230 3422 dixit
243 3357 345 3422 Deus:
364 3357 455 3422 Fiat
474 3359 550 3434 lux,
567 3360 606 3421 ct
623 3357 734 3421 lacta
754 3360 816 3422 est
834 3357 910 3434 lux,
927 3358 1076 3421 continuo
1093 3357 1300 3422 subiunctum

150 3467 215 3530 est:
242 3465 290 3528 'dt
318 3463 427 3528 uidit
450 3463 557 3529 Deus
586 3464 717 3528 lucem
747 3463 840 3544 quia
868 3464 968 3527 bona
997 3466 1075 3538 est;
1105 3482 1165 3527 unu
1188 3464 1300 3544 postea

150 3591 246 3654 quam
269 3571 429 3653 separauit
451 3571 657 3635 interlucent
678 3575 709 3635 et
728 3571 872 3636 tenebras
893 3574 925 3634 et
943 3570 1074 3635 uocauit
1091 3569 1196 3634 lucem
1217 3569 1300 3634 diem

151 3682 185 3742 et
206 3679 351 3743 tenebras
376 3680 513 3757 noctem,
532 3696 570 3741 ne
596 3677 693 3742 simul
717 3696 789 3741 cum
813 3679 885 3742 luce
909 3661 1005 3741 etiem
1024 3676 1143 3740 talibus
1161 3675 1300 3740 tenebris

149 3785 369 3850 testimonium
388 3784 498 3866 placiti
517 3785 568 3849 sui
583 3783 780 3866 perhibuisse
798 3783 968 3848 uideretur.
987 3782 1069 3846 Nem
1084 3781 1139 3845 ubi
1152 3782 1300 3846 tenebrae

188 4023 200 4074 l
231 4021 311 4074 illac
402 4019 448 4088 qui
471 4019 563 4090 potuit
582 4035 666 4074 ome
756 4019 772 4072 2
799 3983 941 4072 c.⁵.derenu
959 4035 992 4072 ex
1011 4015 1302 4071 concursurum-,V

149 4108 252 4162 lumine
271 4109 372 4178 priua
426 4107 589 4176 3superuia
608 4106 629 4160 t¹
702 4111 874 4160 mansurost
946 4107 1029 4158 istum
1049 4107 1150 4159 enimi
1222 4104 1300 4157 nobis

148 4213 210 4265 nup.
230 4197 281 4254 lia.
302 4213 319 4248 a
411 4197 427 4249 b
446 4195 652 4265 uulgatissimas
676 4194 765 4250 Vclt
848 4195 881 4249 10
899 4195 927 4248 in
946 4195 1079 4264 principia
1102 4193 1168 4247 Vel
1172 4198 1254 4262 χήν,-
1272 4194 1300 4246 in

149 4285 283 4355 principie
303 4285 412 4348 atus
493 4284 521 4336 in
540 4285 704 4338 luminaret
778 4285 809 4336 16
830 4300 845 4336 e
864 4283 924 4336 luce
942 4297 1003 4350 sup.
1024 4283 1073 4336 lin.
1094 4299 1113 4334 n
1187 4280 1219 4334 18
1239 4283 1298 4351 eut]

150 4377 210 4427 utt
265 4374 299 4426 22
319 4372 392 4442 qued
411 4372 608 4440 essetbnnep
