3136 4928
396 456 444 509 De
473 455 646 510 ciuitate
674 455 735 510 dei
763 455 827 510 lib.
851 455 897 512 XI.
922 473 998 527 cap.
1023 457 1066 512 10.
1241 462 1304 526 527

154 651 295 734 corporis
327 653 396 716 tote
429 655 477 716 est
509 670 566 716 uec
595 651 671 717 alibi
700 652 808 732 maior,
838 653 913 718 alibi
941 653 1058 732 minem
1092 671 1192 736 neque
1222 653 1305 719 euim

153 757 220 822 ulla
251 776 323 841 pars
357 761 407 822 est
438 757 648 840 incomptior
680 778 775 842 quarn
803 761 915 836 altera;
949 779 1064 842 eorpus
1093 779 1168 826 uero
1197 760 1305 842 ipsum

153 864 258 928 maius
288 867 337 928 est
362 865 394 928 iu
422 868 491 930 toto
515 884 610 947 quam
633 865 665 929 in
689 869 792 950 parto;
821 869 949 931 etcum
974 867 1081 949 aliqua
1104 885 1175 950 pars
1200 867 1303 932 estin

154 989 190 1036 eo
219 970 364 1053 amplior,
389 971 451 1035 alia
478 972 590 1047 minor,
614 991 675 1038 uon
700 991 840 1055 eaquae
864 973 999 1057 amplior
1022 977 1071 1038 est
1094 973 1306 1056 incorruptior

122 1099 135 1137 ⁵
160 1097 256 1160 qnam
275 1097 312 1142 ea
330 1096 410 1160 quae
428 1077 539 1143 minor.
562 1078 659 1143 Aliud
679 1081 731 1144 est
745 1079 853 1162 itaque
873 1098 997 1163 corpus,
1013 1079 1097 1162 quod
1111 1097 1172 1144 non
1187 1079 1305 1161 ubique

155 1185 204 1250 sui
237 1188 341 1250 totum
375 1188 433 1264 est,
462 1185 524 1249 alia
555 1185 761 1269 incorruptio,
790 1205 869 1269 quae
902 1185 1021 1268 ubique
1051 1186 1119 1251 eius
1147 1189 1216 1250 tota
1243 1188 1303 1262 est,

154 1293 229 1374 quia
246 1291 347 1356 omnis
367 1311 439 1375 pars
458 1293 707 1376 incorruptibilis
727 1293 866 1376 eorporis
887 1293 982 1358 etiam
998 1294 1112 1359 ceteris
1127 1293 1303 1374 inaequalis

154 1398 327 1481 aequaliter
348 1399 529 1481 incorrupte
553 1403 611 1463 est.
635 1398 747 1482 Neque
771 1400 854 1465 euim
877 1400 966 1464 uerbi
991 1401 1101 1485 gratia,
1127 1399 1201 1482 quia
1224 1398 1303 1482 digi-

155 1508 207 1568 tus
236 1505 338 1568 minor
366 1509 415 1570 est
443 1524 536 1588 quam
565 1509 634 1570 tota
657 1525 779 1580 manue,
803 1505 874 1571 ideo
897 1504 1168 1590 incorruptibilior
1190 1524 1303 1569 manus

111 1637 137 1676 ιο
155 1629 248 1692 quarn
283 1611 413 1694 digitus.
456 1612 506 1676 Ita
538 1630 611 1676 cum
644 1613 708 1677 sint
739 1611 920 1696 inaequales
953 1630 1064 1677 manus
1103 1615 1135 1676 et
1171 1611 1303 1694 digitus,

154 1717 295 1799 aequalis
323 1721 504 1782 esttamen
532 1718 814 1802 incorruptibilitas
843 1737 956 1784 manua
981 1721 1013 1784 et
1035 1717 1139 1802 digiti.
1178 1716 1224 1782 Ae
1248 1735 1305 1800 per

154 1825 214 1889 boc
241 1825 388 1907 quamuis
413 1845 431 1888 a
455 1842 583 1908 corpore
610 1824 842 1906 incorruptibili
870 1824 1089 1908 inseparabilis
1117 1824 1302 1906 incorrupti-

154 1929 261 1994 bilitas
294 1931 347 2008 sit,
376 1931 463 1995 aliud
495 1933 545 1995 est
576 1933 681 1995 tamen
716 1931 904 2008 substantia,
934 1948 996 2011 qua
1029 1947 1142 2012 corpus
1176 1927 1302 2008 dicitur,

154 2034 241 2098 aliud
273 2035 409 2117 qualitas
442 2037 521 2110 eius,
556 2055 618 2119 qua
649 2035 887 2118 incorruptibile
917 2039 1125 2120 nuncupatur.
1163 2035 1204 2099 lot
1230 2034 1302 2100 ideo

108 2167 136 2208 re
155 2141 250 2205 etiam
275 2142 320 2207 sic
340 2161 399 2207 non
419 2142 479 2206 hoc
499 2141 650 2224 estquod
670 2142 775 2208 hebet.
799 2143 913 2206 Anime
932 2159 1059 2225 quoque
1077 2141 1156 2226 ipsa,
1177 2141 1301 2206 etiamsi

154 2265 279 2330 semper
311 2248 355 2312 sit
386 2249 522 2331 sopiens,
551 2248 636 2313 sicut
668 2248 728 2312 erit
755 2268 828 2313 cunr
856 2248 1042 2313 liberabitur
1067 2249 1100 2312 iu
1129 2253 1301 2326 aeternum,

153 2354 393 2437 participatione
425 2357 529 2420 tamen
562 2355 834 2420 incommutabilis
867 2355 1039 2438 sapientiae
1072 2355 1196 2439 sapiens
1230 2355 1300 2432 erit,

151 2480 230 2544 quae
245 2480 307 2526 non
323 2463 373 2526 est
386 2461 470 2545 quod
483 2462 563 2545 ipsa.
588 2461 698 2544 Neque
715 2462 797 2526 enim
812 2461 840 2526 si
855 2480 908 2526 aer
921 2461 1026 2526 infusa
1040 2463 1111 2526 luce
1128 2479 1300 2543 numquam

152 2568 324 2649 deseratur,
348 2569 419 2634 ideo
443 2587 504 2633 non
529 2568 615 2633 aliud
640 2571 689 2634 cst
712 2570 791 2651 ipse,
812 2568 898 2632 aliud
921 2568 974 2633 lux
998 2587 1060 2650 qua
1082 2568 1300 2632 inluminatur.

106 2702 134 2742 ao
150 2675 261 2758 Neque
289 2677 348 2740 hoc
371 2677 418 2741 ita
440 2676 580 2753 dixerim,
606 2676 697 2758 quasi
720 2695 772 2741 aer
796 2675 839 2740 sit
862 2675 975 2753 anima,
999 2674 1084 2758 quod
1106 2677 1303 2757 putauerunt

151 2783 280 2865 quidam
305 2782 443 2864 quinon
467 2785 639 2866 potuerunt
662 2783 878 2866 incorpoream
902 2781 1040 2865 cogitare
1059 2783 1212 2846 naturam.
1238 2779 1299 2846 Sed

150 2889 269 2953 habent
300 2889 380 2954 baec
411 2889 450 2954 ad
481 2889 538 2954 illa
570 2889 665 2953 etiam
697 2890 729 2954 in
761 2909 876 2972 magna
908 2887 1115 2971 disparilitate
1144 2887 1298 2970 quandam

150 2994 404 3072 similitudinem,
434 2999 472 3060 ut
503 3016 563 3061 non
596 2995 853 3060 inconuenienter
886 2993 1009 3058 dicatur
1042 2993 1088 3057 sic
1119 2990 1302 3056 inluminari

151 3103 290 3166 animam
316 3103 530 3184 incorpoream
554 3102 626 3166 luce
649 3102 831 3184 incorporea
854 3100 1008 3184 simplicis
1033 3099 1205 3181 sapientiae
1228 3096 1299 3173 Dei,

105 3233 132 3274 25
151 3209 237 3273 sicut
268 3209 476 3273 inluminatur
508 3208 588 3273 aeris
621 3226 736 3290 corpus
769 3210 839 3272 luce
872 3225 1034 3288 corporum
1068 3208 1100 3270 et
1132 3205 1216 3268 sicut
1249 3223 1302 3267 aer

149 3315 342 3380 tenebrescit
377 3315 441 3380 ista
476 3317 547 3380 luce
585 3314 729 3380 desertus
763 3312 848 3400 (nam
881 3313 961 3378 nibil
994 3316 1068 3378 sunt
1101 3312 1187 3376 aliud
1219 3330 1299 3393 quae

151 3419 301 3485 dicuntur
326 3421 469 3486 locorum
499 3440 770 3504 quorumcumque
798 3420 1006 3502 corporalium
1035 3417 1180 3482 tenebrae
1204 3437 1298 3499 quam

151 3545 204 3591 aer
241 3547 347 3592 cerens
383 3528 480 3611 luce),
513 3529 559 3592 ita
596 3527 812 3593 tenebrescere
850 3527 986 3592 animem
1024 3523 1195 3608 sapientiae
1227 3525 1300 3589 luce

151 3635 319 3717 priuatam.

188 3827 280 3878 lnec
300 3824 365 3878 alibi
384 3825 504 3878 minore
575 3824 714 3894 3aliqua
729 3841 764 3892 p;
784 3823 913 3878 aliarell.
932 3841 949 3878 v
967 3822 1065 3878 Domo.
1139 3825 1211 3876 tea
1230 3838 1299 3891 quae

150 3912 230 3968 codd.
246 3917 360 3981 praeter
384 3913 414 3978 V,
432 3913 465 3967 in
482 3930 536 3982 quo
555 3931 587 3967 ea
606 3915 679 3967 deest
764 3911 781 3967 8
801 3917 828 3966 et
847 3913 965 3981 qualiter
985 3917 995 3964 t
1079 3911 1110 3964 10
1129 3910 1297 3980 inaequales]

149 4001 309 4070 aequalest
374 4002 407 4055 13
426 4005 575 4056 sitcaest
593 4018 662 4056 corr.
687 4001 713 4054 V
782 4017 862 4070 quam
887 4001 1026 4070 V;quel
1094 4001 1126 4053 14
1145 3998 1299 4052 aliudlrto

149 4089 339 4154 Donrb.,·alia
362 4089 523 4158 Vaelpf
585 4091 755 4144 leucerni
808 4090 842 4143 22
862 4089 895 4142 ab
915 4089 964 4142 illa
987 4089 1023 4155 V,·
1041 4088 1075 4142 ad
1094 4087 1199 4142 illamt
1270 4087 1298 4141 in

149 4195 201 4233 om.
222 4179 232 4232 l
304 4177 403 4248 dispar.
423 4195 522 4248 magna
542 4179 564 4244 l,·
584 4178 683 4248 dispar.
702 4177 730 4231 in
749 4193 849 4247 magna
868 4183 878 4231 t
946 4178 980 4230 23
999 4193 1053 4230 non
1073 4176 1264 4234 conuenienter
1282 4177 1299 4228 b

150 4269 185 4322 24
203 4268 393 4337 incorporent
464 4268 550 4321 lucem
570 4269 755 4336 incorpoream
779 4266 805 4319 V
874 4268 908 4320 25
927 4265 1104 4320 luminaturt
1172 4265 1205 4317 27
1226 4265 1297 4317 colo-

150 4373 208 4410 rum
227 4355 254 4410 V
323 4355 496 4425 looorumque
517 4354 566 4408 b¹t
637 4371 805 4424 quorumque
826 4351 947 4418 Vao²e
969 4369 1019 4407 om.
1035 4369 1057 4421 p
1112 4353 1146 4405 29
1166 4353 1298 4421 priuatat
