3072 4928
375 451 424 506 De
453 451 626 506 ciuitate
654 450 715 504 dei
741 450 806 505 lib.
834 451 883 505 111.
913 467 988 520 eap.
1019 452 1060 506 13.
1229 456 1293 518 125

141 647 272 712 felicius
302 646 463 728 captiuata
491 649 549 724 est,
579 665 672 728 quam
697 646 753 709 illa
781 645 914 710 conubia
938 645 1080 710 Romana
1107 652 1293 729 nupserunt.

141 755 234 820 Licet
263 753 407 834 seruiles,
431 756 535 817 tamen
564 755 639 836 post
661 753 729 816 eius
754 753 916 834 amplexus
940 753 1064 817 nullum
1087 751 1293 817 Troianorum

141 861 285 944 Pyrrhus
301 860 430 936 oeeidit3
451 859 584 924 Romani
598 862 703 924 autem
721 877 846 924 soceros
861 858 1091 924 interficiebant
1104 859 1135 924 in
1154 859 1294 943 proeliis

143 987 280 1051 quorum
312 967 377 1032 iam
408 967 489 1031 filias
522 966 778 1050 amplexabantur
808 965 840 1030 in
878 966 1037 1032 thalamis.
1084 965 1142 1030 llla
1179 966 1294 1030 uiatori

109 1075 275 1140 ⁵subdita
308 1074 412 1138 dolere
445 1076 568 1138 tantum
602 1092 731 1138 suorum
764 1075 897 1136 mortem
930 1073 1045 1156 potuit,
1073 1092 1133 1137 non
1166 1072 1292 1146 timere3

142 1182 217 1246 illae
247 1181 385 1247 sociatae
409 1180 601 1244 bellantibus
625 1181 790 1263 parentum
822 1199 952 1244 suorum
980 1183 1098 1244 mortes
1126 1177 1294 1262 proseden-

141 1287 231 1352 tibus
273 1287 354 1351 uiris
394 1287 561 1365 limabant,
603 1285 809 1351 redeuntibus
852 1286 1010 1360 dolebant,
1048 1304 1105 1350 nee
1147 1285 1294 1350 timorem

142 1394 298 1458 habentes
321 1393 457 1458 liberum
481 1411 537 1458 neo
561 1390 710 1458 dolorem.
734 1391 816 1458 Nam
840 1395 968 1475 propter
990 1391 1152 1458 interitum
1173 1390 1292 1456 ciuium

142 1501 405 1584 propinquorum,
438 1501 569 1564 fratrum
601 1504 766 1582 parentum
800 1503 855 1565 aut
886 1499 937 1581 pia
975 1499 1205 1564 eruciabantur.
1238 1501 1294 1561 aut

98 1616 124 1653 ¹0
143 1609 316 1673 crudeliter
348 1607 546 1672 laetabantur
582 1607 726 1672 uictoriis
762 1607 956 1672 maritorum.
1004 1605 1076 1670 Hue
1113 1604 1293 1681 accedebat,

143 1716 240 1798 quod,
261 1717 298 1779 ut
317 1718 392 1779 sunt
415 1713 533 1778 alterna
555 1713 722 1790 bellorum,
742 1713 867 1796 aliquae
889 1716 1055 1795 parentum
1079 1712 1160 1777 ferre
1181 1711 1292 1776 amise-

142 1826 218 1886 runt
251 1822 348 1897 uiros,
378 1820 501 1905 aliquae
534 1823 739 1903 utrorumque
772 1821 853 1884 ferro
888 1823 920 1883 et
951 1822 1097 1902 parentes
1131 1821 1163 1882 et
1194 1818 1291 1882 uiros.

142 1928 257 2011 Neque
281 1927 363 1991 enim
389 1930 422 1991 et
443 1929 520 2010 aput
538 1927 696 1992 Romanos
716 1945 814 2009 parua
832 1927 961 1990 fuerunt
978 1925 1034 1989 illa
1054 1923 1244 2000 discrimino,
1265 1924 1292 1988 si

143 2035 273 2118 quidem
299 2034 337 2097 ad
358 2033 553 2098 obsidionem
577 2050 702 2116 quoque
721 2035 910 2114 peruentum
931 2034 980 2096 est
998 2031 1139 2095 ciuitatis
1162 2029 1292 2095 clausis-

102 2149 206 2225 1⁵qua
238 2139 340 2222 portis
374 2158 407 2204 se
444 2139 625 2214 tuebantur;
664 2139 779 2222 quibus
817 2138 888 2202 dolo
927 2136 1042 2221 apertis
1081 2136 1292 2218 admissisque

142 2249 292 2313 hostibus
319 2248 403 2311 intra
430 2247 554 2311 moenia
580 2247 612 2310 in
640 2245 710 2330 ipso
739 2245 806 2310 foro
836 2245 990 2310 scelerata
1017 2246 1051 2309 et
1077 2243 1171 2307 nimis
1205 2249 1291 2309 atron

142 2357 226 2421 inter
249 2374 381 2440 generos
404 2371 594 2436 socerosque
617 2372 724 2436 pugna
748 2353 917 2419 commissa
940 2354 999 2430 est,
1024 2354 1056 2416 et
1078 2354 1219 2433 raptores
1242 2350 1291 2414 illi

143 2463 240 2527 etiem
278 2462 508 2544 superabantur
545 2464 577 2526 et
613 2461 721 2525 erebro
758 2460 918 2544 fugientes
955 2459 1037 2523 iuter
1075 2459 1185 2523 domos
1220 2477 1294 2523 suas

143 2569 274 2653 gramm
298 2567 465 2634 foedabant
487 2567 647 2650 pristinas,
668 2566 813 2649 quamuis
839 2569 870 2629 et
893 2565 979 2649 ipses
1003 2564 1166 2648 pudendas
1185 2564 1295 2646 lugen-

102 2685 126 2722 ²⁰
144 2677 265 2759 dasque
290 2675 453 2739 uictorias.
477 2673 540 2738 Hie
563 2677 668 2738 tamen
692 2671 847 2738 Remulus
872 2671 910 2736 de
935 2691 1063 2736 suorum
1088 2671 1151 2734 iam
1174 2670 1294 2735 uirtute

145 2783 315 2866 desperans
342 2781 453 2846 Iouem
482 2780 587 2845 orauit
612 2783 650 2845 nt
677 2783 806 2857 starent,
831 2779 932 2863 adque
960 2779 1014 2843 ille
1042 2779 1100 2842 bae
1129 2776 1294 2843 oeeasione

144 2907 259 2954 nomen
285 2887 420 2954 Statoris
443 2887 579 2962 inuenit;
603 2904 660 2951 neo
683 2885 754 2949 finis
780 2890 866 2952 esset
888 2885 969 2950 tanti
992 2885 1078 2962 mali,
1103 2885 1164 2948 nisi
1187 2888 1294 2967 raptae

145 2997 218 3060 illae
256 2993 403 3060 laseratis
442 2993 581 3058 erinibus
619 2993 789 3058 emicarent
827 2997 859 3056 et
890 2992 1078 3075 prouolutee
1111 2990 1294 3074 parentibus

144 3103 222 3167 iram
254 3121 362 3166 eorum
389 3100 600 3166 iustissimam
627 3120 689 3166 non
718 3101 813 3164 armis
842 3099 1039 3177 uictricibus,
1068 3098 1123 3162 sed
1156 3096 1294 3181 supplici

104 3217 125 3257 ²⁵
144 3209 263 3292 pietate
297 3207 453 3272 sedarent.
495 3207 615 3272 Deinde
645 3203 775 3294 [Titum]
805 3207 931 3272 'latitem
963 3224 1071 3290 regem
1105 3204 1293 3270 Sabinorum

146 3317 266 3380 socium
296 3316 385 3399 regni
408 3314 563 3380 Romulus
588 3315 667 3379 ferre
692 3314 864 3396 conpulsus
889 3317 948 3391 est,
973 3311 1112 3396 germani
1136 3310 1293 3376 consortis

144 3422 318 3505 inpatiens:
353 3421 409 3486 sed
442 3420 565 3504 quando
599 3425 632 3486 et
664 3421 760 3484 istum
794 3421 848 3484 diu
881 3419 1039 3496 toleraret,
1074 3418 1129 3500 qui
1164 3417 1292 3482 fratrem

146 3529 372 3612 geminumque
396 3547 457 3592 non
480 3529 633 3612 pertulit?
672 3527 761 3593 Unde
786 3527 909 3610 etipse
933 3525 1109 3602 interfecto,
1134 3527 1171 3590 ut
1192 3525 1294 3588 maior

146 3636 222 3700 deus
249 3638 344 3714 esset,
363 3655 496 3720 regnum
521 3635 609 3700 solus
629 3634 776 3699 obtinuit.
802 3633 889 3715 Quae
910 3639 983 3699 sunt
1001 3633 1064 3698 ista
1081 3633 1151 3696 iura
1170 3631 1293 3714 nuptia-

104 3749 225 3819 ³¹rum,
256 3761 336 3824 quae
369 3743 571 3806 inritamenta
603 3741 769 3820 bellorum,
803 3761 882 3822 quae
915 3740 1042 3806 foedera
1075 3737 1292 3823 germanitatis

182 3916 194 3970 l
225 3915 342 3970 conubia
361 3914 462 3984 Lup-
484 3915 610 3986 coningia
629 3915 651 3968 Ο
671 3915 731 3968 rell,
750 3931 766 3968 o
784 3914 883 3969 Demb.
973 3916 992 3968 4
1019 3913 1241 3981 amplexauantur
1266 3910 1292 3963 L

146 4006 304 4059 bmorteA
360 4003 565 4058 ‘ldoleuantL
619 4004 868 4072 {inseminata
889 4003 977 4058 ΖΜΟ
1028 3999 1292 4056 9erueiauanturL

148 4094 179 4146 10
199 4091 367 4147 accedebant
380 4093 439 4146 Lu
495 4093 527 4147 12
543 4094 614 4146 uiros
629 4109 662 4146 m.
678 4096 765 4160 laup.
781 4090 830 4145 lia.
846 4093 869 4144 Ia
942 4095 1085 4160 utrumque
1101 4107 1114 4142 e
1170 4089 1202 4142 18
1221 4088 1293 4140 iuter

146 4181 202 4236 LA
215 4180 388 4249 Umbriam
405 4181 478 4235 intra
496 4197 537 4249 qv
555 4181 654 4235 Domb.
729 4181 762 4234 19
782 4181 904 4250 quambis
923 4179 949 4234 L
1021 4181 1055 4233 20
1079 4179 1142 4247 Hie]
1162 4177 1191 4230 id
1210 4177 1290 4231 bule·1

146 4271 176 4324 21
198 4271 287 4324 orauit
306 4269 400 4338 codd.;
416 4271 560 4339 rogauito
623 4271 657 4323 25
678 4269 792 4339 [Titum]
813 4287 863 4323 eru.
884 4268 954 4322 Lm
1027 4285 1118 4338 regem
1138 4265 1228 4321 Sabin.
1248 4283 1291 4319 so-

146 4360 212 4414 cium
232 4376 284 4416 em.
305 4358 332 4412 b¹
388 4359 423 4413 30
441 4357 622 4428 phoederaO
