3094 4932
628 415 846 469 Praelatio.
1240 415 1302 480 Vll

154 613 294 678 lamento
319 609 403 694 quod
427 611 459 675 in
483 609 507 676 0
532 614 563 675 et
587 609 798 676 deterioribus
821 611 954 696 legitur:
986 609 1042 674 secl
1067 608 1303 690 sepultarae

152 717 312 783 semiliter
352 719 489 782 timeant.
533 716 716 802 singulares
757 720 919 800 praeterea
952 717 1106 781 lectiones
1144 715 1239 779 habat
1277 713 1300 780 0

153 845 181 907 p.
206 827 283 902 279,
305 825 361 889 27:
386 823 580 908 excludatur]
604 829 788 888 amorcealar
811 821 852 901 0;
874 825 950 900 284,
972 825 1027 887 12:
1052 820 1301 902 Oardcu—qaue

154 929 315 995 cardinem
333 927 473 1018 seruat]
493 935 624 994 uersat
646 929 687 1006 0;
706 931 782 1011 286,
804 932 837 995 1;
858 951 878 994 a
897 933 982 994 tanto
1001 929 1138 1014 astatore]
1156 927 1301 992 doctore

156 1037 193 1114 C:
210 1039 287 1116 306,
303 1041 361 1103 25:
375 1037 529 1102 bominem
548 1040 603 1122 qul
620 1058 684 1102 aaa
696 1035 818 1126 habeat]
833 1057 897 1100 aaa
915 1036 1106 1101 habentem
1128 1033 1163 1104 0.
1185 1035 1302 1100 Glossa

154 1145 273 1212 inserta
296 1147 347 1208 est
369 1164 399 1227 p.
420 1145 495 1223 339,
516 1147 548 1208 2:
573 1147 683 1208 mello
705 1144 778 1208 triac
800 1149 966 1208 auersatus
988 1149 1046 1270 esth
1062 1139 1163 1206 Varro
1185 1147 1299 1220 noster,

153 1308 250 1368 aeque
281 1286 337 1351 boo
368 1287 468 1352 dicere
498 1284 608 1373 uoluit]
640 1287 760 1372 adque
792 1287 910 1350 laceri
939 1241 1165 1370 repetebam
1192 1283 1300 1348 uoluit.

153 1395 235 1459 Mira
266 1413 328 1458 uox
363 1398 465 1459 exstat
492 1413 523 1478 p.
549 1395 625 1472 369,
649 1397 709 1459 25:
738 1415 759 1457 u
788 1397 940 1458 arctura
961 1391 1082 1470 mardi,
1106 1391 1161 1456 ubi
1184 1391 1300 1476 reliqui

153 1501 225 1566 libri
249 1501 369 1566 habent
390 1522 412 1564 a
434 1500 653 1565 constitutione
675 1501 797 1564 mundi.

199 1642 304 1708 Codex
331 1642 580 1709 Veronensis
607 1643 639 1708 in
666 1643 860 1709 bibliotheca
890 1641 1029 1725 Capituli
1051 1641 1242 1706 Veronensis
1267 1637 1343 1705 n.V

153 1749 299 1824 XXVIII,
334 1751 386 1828 26,
418 1750 534 1814 litteris
572 1749 751 1814 uncialibus
785 1749 934 1832 scriptus,
969 1748 1096 1813 aaeaulo
1129 1747 1212 1824 VII..
1247 1747 1299 1811 oui

152 1854 342 1932 uindicatur,
371 1853 579 1920 hauddubie
608 1857 775 1934 uetustior,
803 1855 901 1921 libros
929 1853 1095 1920 XI-XVI
1122 1855 1297 1920 continens.

153 1959 232 2026 Cum
256 1961 289 2025 in
313 1962 399 2026 ealce
422 1961 496 2026 libri
515 1961 591 2026 XVI
614 1963 707 2028 modo
732 1966 847 2028 exstet:
872 1961 1008 2026 ‘Aurelia'
1026 1960 1201 2043 Aepustc'rri
1211 2006 1297 2024 .....

151 2067 228 2130 liber
251 2065 349 2132 XVI
374 2069 462 2148 περ),
492 2087 550 2134 neo
582 2067 725 2133 additum
760 2069 803 2134 sit
830 2069 891 2132 ‘lib
917 2065 1030 2132 XVII
1052 2068 1134 2144 iac),
1159 2069 1297 2150 apparet,

152 2174 294 2239 codicem
332 2179 503 2258 sequentes
539 2175 637 2241 libros
675 2196 735 2241 nou
769 2174 974 2242 continuisse.
1015 2174 1215 2239 Praemissus
1248 2175 1299 2237 est

151 2280 253 2344 Iudex
275 2283 414 2363 cupitam
437 2280 586 2346 librarum
611 2281 671 2346 XI
673 2281 833 2346 -XIIII
850 2283 906 2348 sol.
926 2281 955 2346 X
979 2283 1127 2364 scriptus.
1149 2281 1186 2344 In
1208 2283 1296 2344 tortu

152 2388 239 2453 nulla
262 2389 403 2470 capitum
428 2388 590 2454 distinctio
616 2393 728 2455 exstat.
755 2389 883 2456 Contuli
906 2390 991 2454 huna
1014 2389 1130 2454 librum
1154 2387 1296 2453 Veronae

152 2513 178 2557 a.
204 2495 307 2570 1868:
338 2496 460 2578 aliquot
487 2497 586 2574 locos,
609 2495 641 2559 in
667 2496 784 2578 quibus
809 2515 845 2560 ea
868 2515 948 2578 quae
970 2495 1039 2578 ipse
1062 2495 1211 2579 legeram,
1235 2513 1296 2558 non

152 2617 222 2663 oum
252 2600 431 2679 collatione,
460 2620 522 2682 qua
550 2599 704 2666 Dombart
735 2602 766 2666 in
794 2601 942 2667 Editione
969 2601 1001 2664 II
1028 2619 1107 2666 usus
1136 2603 1194 2678 est,
1223 2619 1296 2664 oon-

151 2705 338 2786 sentiebant‚
359 2707 413 2772 Dr.
435 2707 519 2772 Gall.
539 2707 747 2794 Wsinberger
764 2727 835 2774 meo
859 2711 970 2792 rogatu
996 2710 1067 2772 ante
1091 2708 1149 2772 hos
1174 2706 1296 2789 aliquot

151 2829 249 2877 annos
274 2813 376 2878 denuo
400 2814 545 2879 contulit.

192 2953 328 3038 Aliquot
359 2955 435 3020 folia
466 2955 512 3020 ita
541 2973 666 3021 cenosa
695 2959 728 3022 et
753 2957 912 3040 perforata
939 2959 1024 3035 sant,
1052 2960 1090 3020 ut
1118 2955 1215 3022 uerba
1242 2955 1295 3020 uel

149 3061 239 3143 plane
260 3061 442 3141 exciderint,
461 3064 514 3128 uel
533 3081 625 3147 aegre
645 3083 681 3128 ex
704 3064 852 3148 uestigiis
878 3063 1018 3148 dignosci
1043 3063 1177 3147 possint.
1200 3061 1295 3126 Haud

149 3187 216 3232 raro
250 3167 377 3233 litterae
410 3169 561 3234 euanidae
594 3189 689 3234 mauu
723 3170 850 3253 quidem
884 3171 1013 3253 antiqua
1041 3170 1097 3235 sed
1124 3167 1302 3250 admodum¹

148 3274 219 3338 rudi
243 3277 276 3340 et
299 3275 426 3340 indocta
447 3277 621 3359 rescriptae
640 3279 724 3342 sunt.
748 3277 878 3342 Praeter
895 3278 1015 3342 multos
1035 3276 1155 3341 scribae
1175 3294 1294 3340 errores

150 3381 245 3446 etiam
273 3381 533 3465 interpolationes
561 3382 613 3448 hic
642 3383 708 3448 illie
737 3386 897 3467 apparent.
934 3382 963 3448 U
1005 3383 1132 3447 mittam
1159 3399 1293 3465 prauum

148 3487 229 3553 illud
256 3487 405 3553 dicautur
432 3509 488 3573 pro
516 3489 684 3570 loqueretur
711 3509 742 3574 p.
767 3493 843 3570 523,
870 3493 898 3568 1,
928 3489 967 3555 of.
996 3509 1026 3572 p.
1053 3491 1127 3564 522,
1152 3489 1209 3552 29;
1243 3507 1293 3550 aa·

143 3593 265 3674 plicare
288 3596 435 3675 curabo]
459 3597 619 3662 conabor
641 3597 684 3674 V;
709 3599 784 3676 524,
808 3599 847 3662 18
872 3617 953 3681 sqq:
971 3595 1207 3680 firmamentum
1221 3592 1293 3676 suc-

150 3703 212 3766 tum
235 3705 281 3765 est
304 3703 404 3767 iuter
426 3723 526 3784 aquas
547 3705 724 3786 superiores
747 3709 775 3768 el
798 3703 976 3788 inferiores]
998 3723 1109 3784 super
1131 3719 1231 3786 aquas
1250 3699 1292 3776 V:

147 3826 177 3888 p.
203 3809 279 3888 610,
305 3811 362 3875 18:
395 3809 533 3892 disponit
565 3812 672 3876 omnia
698 3809 880 3900 suauiter]
908 3811 1066 3892 sapienter
1090 3807 1127 3873 V.
1159 3826 1190 3890 p.
1217 3805 1292 3884 648,

151 3913 204 3978 13:
230 3933 251 3976 a
275 3913 359 3996 liquo
382 3920 486 3980 tamea
508 3918 595 3980 uitae
612 3916 833 3998 prob-lbilrcs
856 3917 1022 3981 traditus
1045 3919 1140 3980 esset
1163 3914 1294 3994 tempori

148 4021 353 4102 uetustatique
364 4019 540 4109 finiendus]
556 4023 773 4104 prohibitus
794 4027 888 4090 esset
910 4026 944 4088 el
961 4023 1093 4104 tenpore
1110 4023 1174 4086 cett.
1194 4018 1233 4086 V.
1248 4055 1291 4066 -

148 4146 176 4208 p.
202 4129 277 4204 630,
301 4129 320 4191 2
344 4127 376 4194 iu
399 4127 428 4192 V
450 4127 594 4212 ineptum
618 4127 755 4194 cardicas
778 4130 932 4194 insertum
957 4130 1014 4194 est.
1037 4127 1126 4192 Mero
1150 4124 1293 4192 uariaudi

148 4233 252 4300 studio
277 4233 384 4300 deberi
407 4236 535 4300 uidetur
556 4235 637 4300 illud
660 4235 896 4300 mutabiliter
921 4234 1006 4320 quod
1030 4233 1184 4299 Dombnrt
1206 4251 1242 4296 ex
1262 4231 1291 4294 V

149 4343 179 4403 et
210 4340 278 4407 cod.
312 4341 437 4407 Monac.
470 4343 495 4404 Γ
523 4342 643 4425 recepit
673 4363 730 4428 pro
759 4341 973 4408 mortaliter
999 4342 1031 4406 iu
1059 4340 1129 4404 loco
1157 4357 1189 4422 p.
1215 4339 1290 4416 581,
