3136 4928
277 447 341 510 502
625 441 651 498 S.
678 441 837 498 Aurelii
865 441 1085 512 Augustini

277 635 353 717 quid
384 635 445 701 hoc
478 635 558 700 scire
590 635 765 717 prodesset,
794 635 856 700 nisi
882 636 963 700 forte
990 635 1063 702 inde
1093 636 1246 702 scrobis
1275 637 1433 702 auderent

275 742 430 827 praeferre
454 741 619 820 Platonici,
644 743 717 825 quia
744 743 777 807 id
805 761 863 808 nos
891 744 923 808 iu
950 743 1011 808 hac
1038 743 1107 808 uita
1133 745 1197 810 iam
1220 744 1430 820 nesciremus,

276 850 361 932 qued
392 849 455 932 ipsi
482 849 515 913 in
544 849 605 914 alia
633 850 764 914 meliore
792 851 860 914 uita
886 849 1108 935 purgatissimi
1136 853 1168 914 et
1195 850 1432 932 sapientissimi

275 957 400 1022 fuerant
431 957 584 1022 nescituri
612 960 645 1022 et
671 957 788 1023 falsum
817 957 971 1022 credendo
999 957 1087 1022 beati
1114 957 1235 1022 futuri?
1278 955 1373 1036 Quod
1402 957 1430 1022 si

215 1109 216 1112 ,
275 1063 542 1128 absurdissimum
570 1065 602 1128 et
629 1063 859 1129 stultissimum
887 1067 936 1130 est
959 1063 1072 1143 dicere,
1096 1063 1263 1147 Porphyrii
1286 1063 1431 1146 proiecto
1465 1083 1481 1128 s

276 1174 327 1236 est
339 1169 542 1251 praeferenda
561 1169 718 1234 sententia
736 1170 796 1248 his,
812 1171 866 1252 qui
884 1172 1060 1234 animarum
1080 1170 1198 1235 circulo
1218 1170 1431 1235 alternantem

276 1295 402 1359 semper
424 1275 653 1342 beatitudinem
678 1281 710 1342 et
732 1277 892 1342 miseriam
916 1277 1071 1360 suspicati
1094 1279 1180 1344 sunt.
1214 1274 1308 1356 Quod
1332 1277 1361 1342 si
1385 1279 1433 1342 ita

276 1387 335 1463 est,
356 1401 429 1450 ecce
447 1383 631 1450 Platonicus
654 1383 687 1448 in
710 1384 825 1449 melius
849 1403 867 1448 a
890 1385 1021 1450 Platone
1044 1383 1207 1459 dissentit;
1237 1403 1312 1449 eece
1335 1383 1432 1462 uidit,

277 1492 361 1574 quod
392 1491 447 1555 ille
480 1510 539 1555 non
572 1491 665 1568 uidit,
693 1510 751 1556 uec
782 1495 858 1575 post
888 1491 986 1556 talem
1020 1510 1056 1556 ac
1082 1495 1208 1556 tantum
1235 1491 1432 1576 magistrum

275 1596 395 1682 refugit
417 1595 654 1676 correctionem,
679 1595 736 1660 sed
758 1594 879 1662 homiui
901 1597 1086 1681 praeposuit
1107 1597 1288 1663 ueritatem.
1453 1623 1483 1664 ro

713 1788 850 1854 CAPUT
873 1789 989 1855 XXXI.

278 1930 427 1996 Contra
465 1933 748 2016 argumentum
784 1929 1106 2013 Platonicorum,
1143 1952 1218 2015 quo
1257 1932 1433 1998 animam

385 2039 594 2102 humanam
618 2038 699 2102 Deo
724 2037 921 2104 adserunt
944 2058 1032 2106 esse
1056 2044 1318 2106 coaeternam.

322 2178 412 2259 Quur
435 2195 509 2262 ergo
528 2197 589 2243 non
608 2177 717 2261 potius
737 2179 898 2244 diuinitati
917 2179 1074 2246 credimus
1094 2182 1132 2244 de
1150 2179 1202 2244 bis
1221 2180 1327 2255 rebus,
1349 2199 1434 2262 quas

274 2286 414 2350 humano
432 2285 559 2369 ingenio
578 2285 794 2369 peruestigare
814 2306 875 2350 non
894 2306 1076 2370 possumus,
1093 2306 1173 2369 quae
1193 2287 1331 2352 animam
1352 2307 1435 2369 quo·
1455 2309 1484 2350 rs

277 2411 337 2475 que
360 2393 463 2474 ipsam
487 2411 549 2455 non
573 2392 640 2456 Dec
665 2394 873 2468 coaeternam,
898 2391 954 2456 sed
978 2394 1114 2457 creatam
1138 2392 1217 2457 dicit
1240 2411 1320 2472 esse,
1346 2413 1434 2476 quae

276 2517 337 2563 non
360 2501 447 2562 erat?
473 2498 515 2564 Ut
538 2499 621 2563 euim
644 2498 705 2563 hoe
727 2498 884 2563 Platonici
907 2499 1028 2564 nollent
1051 2498 1186 2578 eredere,
1211 2500 1291 2565 hauc
1314 2501 1434 2583 utique

277 2623 406 2669 eausam
425 2603 571 2668 idoneam
590 2603 653 2668 sibi
672 2603 863 2669 uidebantur
881 2604 1010 2682 adferre,
1026 2605 1110 2686 quia,
1125 2605 1186 2670 nisi
1201 2606 1288 2688 quod
1301 2625 1436 2689 semper

277 2714 369 2776 antea
395 2709 521 2788 luisset,
546 2710 773 2794 sempiternum
802 2711 951 2795 deinceps
980 2729 1050 2776 esse
1078 2731 1140 2776 non
1162 2716 1287 2794 posset3
1317 2731 1435 2795 quam-

277 2837 372 2901 quam
405 2821 438 2882 et
465 2816 502 2881 de
530 2817 648 2882 mundo
677 2820 709 2882 et
737 2817 775 2882 de
803 2817 864 2897 lris,
893 2837 972 2901 quos
1000 2819 1033 2882 in
1061 2819 1178 2884 mundo
1208 2819 1283 2884 deos
1312 2837 1330 2883 a
1359 2819 1434 2885 Dec
1453 2842 1485 2884 ao

275 2923 377 2989 factos
410 2923 520 2988 scribit
547 2923 650 3001 Picto,
680 2925 879 3008 apertissime
912 2925 999 2990 dicat
1030 2944 1091 2991 ecs·
1118 2944 1187 2990 esse
1223 2925 1369 3007 coepisse
1400 2932 1437 2991 et

277 3030 392 3096 habero
415 3030 553 3108 initium,
572 3030 667 3094 finem
690 3035 795 3096 tamen
820 3051 880 3097 non
902 3031 1077 3108 habituros,
1097 3031 1153 3097 sed
1174 3049 1231 3115 per
1255 3032 1436 3097 conditoris

276 3136 530 3221 potentissimam
549 3137 748 3202 uoluntatem
763 3139 794 3202 in
809 3141 971 3203 aeternum
986 3157 1152 3204 mansuros
1167 3157 1238 3203 esse
1251 3139 1436 3221 perhibeat

279 3243 399 3308 Verum
418 3243 452 3307 id
471 3263 533 3326 quo
552 3243 646 3308 modo
666 3244 855 3329 intellegant
872 3247 1071 3320 inuenerunt,
1091 3265 1152 3310 non
1171 3245 1321 3310 essehoc
1342 3245 1437 3311 uide·

276 3351 353 3414 licet
371 3350 533 3432 temporis,
550 3350 606 3414 sed
621 3351 860 3417 substitutionis
876 3350 1011 3417 initium.
1036 3351 1139 3418 ‘Sicut
1157 3352 1252 3430 euim,
1267 3352 1435 3435 inquiunt,
1454 3374 1485 3416 ss

278 3456 306 3522 si
329 3472 385 3538 pes
410 3474 445 3519 ex
469 3457 654 3522 aeternitate
675 3477 798 3542 semper
816 3459 932 3524 fuisset
950 3461 981 3523 in
1000 3460 1143 3542 puluere,
1163 3479 1288 3544 semper
1305 3459 1336 3524 ei
1356 3461 1437 3524 sub-

278 3566 363 3630 esset
399 3563 585 3648 uestigium
618 3565 702 3648 quod
734 3569 839 3630 tamen
872 3567 1047 3651 uestigium
1081 3587 1098 3632 a
1131 3567 1273 3632 caleante
1306 3565 1435 3632 iactum

258 3809 262 3816 -
368 3773 401 3827 21
422 3773 490 3828 Tim.
510 3791 537 3845 p.
556 3773 589 3828 41
610 3773 633 3828 Β

315 3897 495 3952 lanobisc
556 3898 751 3968 decimarum]
770 3899 896 3953 nimirum
916 3917 935 3953 a
1008 3900 1107 3954 circulo
1122 3915 1180 3968 pa·
1200 3900 1314 3954 circulos
1332 3899 1397 3954 reti.
1419 3919 1437 3955 n

278 3986 376 4042 Domb.
485 3986 665 4041 alternantem
684 3987 796 4056 serapam
814 3988 966 4056 alternante
984 4003 1046 4042 aras.
1138 3987 1380 4042 ibeatitudinem
1395 4007 1437 4058 p,-

277 4075 447 4130 beatitudine
467 4073 527 4141 e²s;
546 4075 679 4129 beatitate
698 4075 756 4130 rell.
775 4093 791 4130 c
809 4075 908 4130 Domb.
998 4077 1134 4130 miseriam
1149 4093 1187 4145 p;
1205 4076 1315 4130 miseria
1331 4077 1397 4130 rell.
1418 4093 1437 4131 a

277 4164 378 4219 Dorub.
471 4165 503 4218 13
532 4167 656 4218 asserunt
674 4164 725 4218 dec
745 4169 898 4220 coetemam
918 4181 976 4218 esse
992 4181 1013 4236 p
1105 4166 1138 4218 19
1163 4181 1217 4219 non
1236 4165 1328 4234 potest
1348 4165 1438 4220 sede

277 4255 310 4307 21
332 4253 403 4322 esse]
423 4269 483 4306 ses
556 4255 590 4308 23
609 4271 832 4323 pennansurosv
927 4253 1125 4325 perhibebatb
1198 4255 1234 4309 24
1251 4255 1435 4326 inuenerunt]

278 4339 398 4394 uiderint
417 4357 435 4393 a
492 4341 525 4394 27
546 4341 619 4410 quod
636 4345 729 4396 tanuen
748 4341 894 4412 uestigium
911 4343 943 4396 ta
961 4357 1080 4413 mama
