3072 4928
242 416 304 479 158
584 412 611 466 S.
638 409 795 464 Aurelii
822 409 1043 479 Augustini

239 607 415 692 potentiam
443 606 497 670 uel
526 609 716 690 aequauerat
744 604 797 668 uel
819 603 883 668 iam
907 603 1001 668 etiam
1028 605 1245 686 superauerat;
1276 602 1392 670 Caesar

241 718 350 780 autem
372 712 505 796 Pompei
533 713 709 795 potentiam
736 730 796 776 non
825 711 955 788 ferebat,
980 710 1036 775 sed
1060 711 1216 793 quianon
1241 710 1391 776 habebat.

240 841 334 905 quam
371 823 477 884 tamen
514 820 569 884 illo
607 820 692 885 uicto
730 819 960 901 interfectoque
992 816 1209 909 transcendit),
1242 816 1318 882 hinc
1351 818 1391 880 ad

241 929 337 994 alium
354 927 530 1003 Caesarem,
546 928 599 1010 qui
619 931 692 1010 post
706 928 873 1011 Augustus
894 926 1073 1009 appellatus
1093 927 1152 1004 est,
1168 929 1390 1006 pemenerunt,

240 1054 302 1117 quo
335 1035 508 1118 imperante
541 1039 633 1099 natus
668 1037 716 1098 est
748 1032 903 1098 Christus.
945 1032 1027 1098 Nam
1061 1033 1093 1096 et
1124 1032 1193 1114 ipse
1221 1032 1390 1116 Augustus
1419 1052 1432 1090 s

241 1159 313 1205 cum
332 1140 445 1206 multis
467 1142 570 1225 gessit
588 1140 673 1205 bella
691 1140 808 1218 ciuilia,
824 1143 856 1204 et
874 1139 905 1202 in
925 1139 971 1203 eis
991 1137 1087 1202 etiam
1105 1138 1200 1203 multi
1219 1138 1390 1203 clarissimi

239 1248 301 1312 uiri
328 1247 498 1329 perierunt,
527 1248 608 1312 inter
636 1265 715 1328 quos
745 1249 777 1309 et
806 1244 925 1320 Cicero,
953 1245 1008 1310 ille
1037 1244 1175 1310 disertus
1204 1245 1316 1310 artifex
1344 1245 1389 1310 rei

239 1354 385 1438 publices
399 1353 563 1436 regendae.
578 1353 710 1435 Pompei
724 1353 840 1435 quippe
855 1352 1009 1416 uictorem
1020 1350 1135 1417 Gaium
1146 1351 1324 1429 Caesarem,
1336 1351 1388 1433 qui

241 1460 407 1526 uictoriam
432 1459 559 1524 ciuilem
583 1460 753 1524 clementer
772 1459 910 1522 exercuit
929 1459 1060 1540 suisque
1080 1457 1269 1523 aduersariis
1289 1458 1388 1522 uitam

241 1567 493 1650 dignitatemque
513 1564 653 1644 donauit,
673 1571 835 1648 tamquam
855 1565 944 1648 regni
964 1564 1172 1646 adpetitorem
1192 1564 1388 1647 quorundam
1408 1585 1430 1623 n

239 1673 395 1737 nobilium
420 1673 595 1737 coniuratio
620 1675 800 1736 eenatomm
825 1672 915 1735 uelut
938 1691 994 1752 pro
1013 1671 1058 1736 rei
1076 1671 1223 1754 publicae
1241 1671 1389 1737 libertate

239 1781 271 1845 in
304 1781 374 1863 ipsa
408 1780 496 1844 curia
528 1779 709 1844 trucidauit.
756 1778 860 1843 Huius
893 1777 1005 1844 deinde
1041 1779 1213 1862 potentiam
1250 1777 1388 1842 multum

240 1887 382 1952 moribus
412 1886 518 1969 dispar
541 1885 693 1968 uitiisque
718 1885 864 1951 omnibus
888 1885 1072 1967 inquinatus
1096 1887 1197 1966 adque
1221 1889 1387 1967 corruptus

240 1995 399 2058 adfectare
428 1993 597 2057 uidebatur
618 1993 786 2070 Antonine,
812 1992 863 2056 cui
892 1991 1096 2056 uehementer
1122 2012 1178 2074 pro
1202 1991 1311 2056 cedern
1334 1991 1389 2055 illa

240 2101 331 2165 uelut
353 2099 471 2182 patriae
494 2099 641 2164 libertate
662 2099 770 2164 Cicero
795 2099 975 2164 resistebat.
999 2099 1088 2162 'func
1108 2102 1281 2164 emerserat
1298 2100 1387 2163 mim·
1407 2117 1428 2155 1⁵

240 2206 314 2271 bilis
343 2205 458 2271 indolis
487 2204 673 2270 adulescens
702 2205 755 2270 ille
785 2205 865 2270 alius
896 2205 1020 2283 Caesar,
1044 2205 1132 2269 illius
1161 2204 1221 2270 Gai
1246 2204 1387 2270 Caesaris

240 2313 325 2377 filius
350 2312 532 2394 adoptiuus,
557 2313 621 2394 qui,
646 2316 682 2375 ut
707 2311 779 2390 dixi,
799 2315 911 2393 postea
935 2314 986 2375 est
1008 2311 1186 2395 appellatus
1210 2313 1387 2395 Augustus.

240 2419 324 2482 Huic
353 2417 551 2482 adulescenti
580 2417 717 2496 Caesari,
745 2422 782 2482 ut
811 2417 880 2482 eius
907 2417 1050 2500 potentia
1082 2420 1189 2482 contre
1216 2417 1385 2482 Antonium

240 2524 422 2600 nutriretur,
453 2523 561 2588 Cicero
589 2525 727 2601 fauebat,
757 2543 886 2605 sperans
915 2543 987 2588 eum
1016 2523 1148 2606 depulsa
1175 2527 1207 2588 et
1238 2524 1387 2606 obpressa

240 2630 368 2695 Antonii
402 2629 615 2696 dominatione
647 2631 900 2694 instauraturum
932 2629 977 2693 rei
1014 2629 1161 2711 publicae
1195 2629 1384 2704 libertatem,
1404 2653 1428 2691 so

240 2757 341 2819 usque
369 2737 446 2802 adeo
477 2755 590 2800 caecus
619 2736 721 2820 adque
749 2736 937 2818 inprouidus
964 2735 1154 2814 futurorum,
1178 2739 1216 2800 ut
1242 2736 1296 2802 ille
1320 2738 1384 2820 ipse

240 2843 376 2921 iuuenis,
406 2842 496 2907 cuius
526 2843 715 2926 dignitatem
744 2862 780 2907 ac
808 2847 999 2925 potestatem
1027 2841 1167 2918 fouebat,
1192 2847 1225 2907 et
1253 2843 1384 2908 eundem

241 2949 421 3016 Ciceronem
434 2949 639 3014 occidendum
649 2951 786 3014 Antonio
798 2950 933 3032 quadam
944 2950 1035 3031 quasi
1045 2948 1229 3014 concordiae
1242 2951 1384 3033 pactione

239 3057 438 3139 permitteret
461 3060 494 3120 et
516 3056 619 3139 ipsam
641 3055 821 3121 libertatem
845 3057 890 3120 rei
913 3056 1069 3137 publicae,
1088 3074 1144 3137 pro
1169 3075 1230 3138 que
1250 3056 1384 3120 multum

239 3161 294 3226 ille
318 3164 520 3240 clamaueret,
546 3163 661 3228 dicioni
686 3164 828 3246 propriae
853 3163 1048 3246 subiugaret.
1401 3185 1426 3224 se

279 3406 365 3459 liam
385 3423 436 3461 ont.
456 3407 500 3460 te
572 3408 588 3460 2
607 3407 706 3476 ponpei
727 3407 760 3461 0¹
833 3407 847 3460 7
869 3411 896 3460 et
915 3423 965 3460 om.
988 3406 1020 3459 0ι
1092 3406 1138 3460 ille
1159 3405 1209 3460 dis.
1228 3407 1301 3461 artis.
1321 3409 1382 3476 reip.

240 3493 374 3562 regendae
393 3496 416 3549 A
423 3511 459 3564 p;
477 3493 528 3548 dis.
547 3495 594 3548 ille
614 3495 687 3550 artif.
706 3494 840 3564 regendae
859 3496 924 3564 reip.
948 3494 1045 3548 Orell.
1065 3511 1080 3548 o
1099 3493 1198 3550 Domb.
1257 3495 1274 3548 8
1294 3495 1382 3565 gaium

240 3584 264 3636 A
282 3583 342 3637 rell.
357 3589 470 3652 praeter
492 3583 525 3649 0,·
545 3583 576 3638 G.
599 3582 733 3638 CCaium
751 3600 781 3649 o;
872 3585 904 3638 13
924 3568 1036 3652 uittjisq
1059 3583 1082 3636 C
1167 3585 1198 3638 15
1218 3584 1346 3636 emiserat
1362 3585 1383 3636 Λ

242 3672 274 3724 16
295 3672 339 3740 gei
359 3689 392 3726 m.
412 3678 427 3725 1
444 3689 503 3740 sup.
525 3673 572 3726 lin.
592 3675 628 3736 Λ;
649 3672 680 3727 G.
703 3673 726 3726 0
743 3673 802 3726 Caii
821 3689 847 3736 o;
919 3673 952 3727 19
971 3671 1125 3726 fabebetd
1198 3689 1344 3741 oppmeesa
1365 3671 1386 3726 O

240 3758 275 3812 20
295 3759 442 3816 dominatio
465 3761 497 3814 0¹
573 3762 768 3829 instauratum,
786 3772 817 3814 ru
836 3779 869 3815 m.
890 3765 909 3814 2
928 3778 1010 3815 mosa
1029 3761 1122 3816 littera
1140 3760 1221 3828 m,C
1292 3763 1326 3814 22
1345 3761 1382 3814 fo·

242 3847 367 3902 bebatd
