3072 4928
604 402 630 458 S.
658 404 815 458 Aurelii
843 404 1060 474 Augustini

694 597 832 664 CAPUT
856 599 958 664 Vllll.

253 731 307 795 Aa
337 729 449 794 illam
478 749 625 813 pacem,
650 750 749 813 quae
773 733 846 797 sub
869 731 1019 798 Numae
1042 752 1164 818 regno
1188 734 1280 812 fuit,
1306 735 1399 800 deos

514 837 785 921 praestitisse
810 837 1051 908 credendum
1077 839 1142 904 sit.

298 977 341 1042 Hi
365 978 460 1042 etiem
479 976 617 1042 Numam
636 977 831 1062 Pompilium
856 997 1070 1044 successorem
1091 979 1219 1045 Romuli
1239 981 1400 1046 adiuuisse

255 1085 436 1163 creduntur,
464 1088 502 1148 ut
528 1087 596 1150 toto
624 1084 713 1169 regui
741 1085 791 1150 sui
817 1089 960 1168 tempore
987 1105 1097 1170 pacem
1125 1086 1254 1152 haberet
1282 1091 1315 1153 et
1337 1089 1403 1153 Iani
1435 1115 1448 1150 ⁵

255 1194 373 1276 portas,
389 1209 469 1274 quae
487 1190 581 1256 bellis
600 1195 708 1273 patere
728 1191 882 1268 adsolent,
898 1192 1067 1272 clauderet,
1083 1213 1118 1258 eo
1137 1194 1250 1259 merito
1270 1196 1403 1275 scilicet,

255 1298 329 1381 quia
356 1297 506 1362 Romanis
536 1299 638 1362 multa
665 1317 754 1362 sacra
784 1299 962 1364 coustituit.
1005 1298 1056 1363 llli
1084 1318 1159 1364 uero
1192 1300 1316 1366 homini
1349 1321 1403 1384 pro

254 1407 342 1469 tauto
377 1405 441 1469 otio
475 1403 700 1489 gratulandum
732 1405 804 1484 fuit,
837 1405 866 1470 si
898 1404 992 1470 modo
1025 1405 1057 1470 id
1088 1407 1182 1474 rebus
1221 1407 1404 1473 salubribus

256 1512 371 1576 scisset
393 1511 560 1594 inpendere
586 1513 618 1576 et
640 1511 910 1594 perniciosissima
934 1511 1117 1577 curiositate
1137 1514 1283 1598 neglecta
1300 1515 1406 1580 Deum

256 1637 369 1683 uerum
396 1637 472 1683 uera
494 1618 613 1702 pietate
637 1618 827 1702 perquirere.
850 1617 944 1684 Nunc
967 1621 1074 1684 autern
1097 1639 1157 1686 non
1182 1621 1211 1684 ei
1239 1621 1271 1685 di
1298 1626 1407 1687 contu·
1427 1647 1452 1685 ιο

255 1725 361 1788 lerunt
391 1724 472 1790 illud
504 1726 615 1804 otium,
641 1725 697 1790 sed
735 1743 807 1790 eum
839 1725 945 1790 miuus
978 1727 1113 1792 tortasse
1143 1727 1354 1812 decepissent,
1378 1729 1408 1793 si

257 1831 395 1896 otiosum
418 1831 547 1896 minime
569 1833 794 1914 repperissent.
829 1831 953 1913 Quanto
978 1833 1061 1898 enim
1084 1833 1190 1899 minus
1214 1853 1287 1899 eum
1314 1854 1408 1900 occu·

256 1941 366 2020 patum
389 1939 588 2018 inuenerunt,
612 1941 700 2004 tanto
724 1938 827 2024 magis
850 1938 913 2020 ipsi
937 1943 1180 2024 occupauerunt.
1217 1941 1301 2006 Nam
1330 1940 1408 2024 qaid

256 2045 310 2109 ille
343 2046 475 2110 molitus
509 2045 552 2110 sit
583 2048 615 2111 et
648 2045 764 2128 quibus
797 2045 918 2111 artibus
952 2045 1029 2112 deos
1057 2047 1139 2113 tales
1173 2047 1234 2114 sibi
1266 2049 1321 2112 uel
1358 2048 1409 2112 illi

258 2152 381 2217 ciuitati
414 2152 593 2218 consociare
624 2152 774 2234 potuerit,
802 2151 899 2216 Varro
932 2151 1047 2235 prodit,
1080 2153 1175 2236 quod,
1208 2154 1237 2218 si
1268 2153 1408 2220 Domino
1429 2178 1452 2216 rs

256 2259 422 2342 placuerit,
448 2277 505 2324 suo
539 2258 721 2343 diligentius
756 2258 929 2324 disseretur
959 2260 1039 2326 loco.
1073 2260 1168 2325 Modo
1197 2263 1304 2324 autem
1333 2261 1410 2344 quia

259 2367 297 2432 de
329 2365 491 2431 beneficiis
524 2385 633 2431 eorum
665 2365 809 2448 quaestio
848 2369 911 2430 est:
949 2385 1101 2450 magnum
1136 2366 1326 2432 beneficium
1359 2370 1409 2432 est

258 2493 327 2558 par,
357 2473 413 2538 sed
449 2473 510 2538 Dei
547 2472 614 2537 ueri
651 2472 840 2538 beneficium
877 2475 936 2553 est,
969 2474 1155 2556 plerumque
1190 2474 1284 2538 etiam
1324 2473 1411 2538 sicut

260 2580 323 2660 sol,
369 2580 453 2646 siout
493 2579 605 2663 pluuia
644 2579 794 2662 uitaeque
836 2579 897 2644 alia
943 2579 1084 2644 subsidia
1130 2598 1225 2664 super
1266 2579 1409 2664 ingratos

260 2689 293 2752 et
320 2706 465 2770 nsquam.
504 2685 567 2753 Sed
595 2687 622 2752 si
649 2686 710 2751 hoc
738 2689 804 2751 tam
831 2704 983 2772 maguum
1010 2687 1127 2750 bouum
1156 2685 1188 2750 di
1215 2686 1264 2751 illi
1287 2687 1409 2752 Romae
1429 2713 1457 2753 ao

260 2794 313 2858 uel
344 2793 501 2878 Pompilio
539 2793 750 2872 contulerunt,
784 2811 866 2874 quur
902 2791 1034 2876 imperio
1066 2792 1208 2857 Romano
1244 2813 1301 2877 per
1338 2794 1410 2877 ipsa

260 2905 404 2984 tempora
440 2899 612 2966 laudabilia
648 2900 682 2965 id
717 2918 890 2982 numquam
926 2902 1038 2982 postea
1074 2900 1322 2983 praestitemut?
1358 2902 1410 2964 Aa

261 3009 389 3073 utiliora
417 3009 505 3072 erant
533 3025 631 3085 sacra,
656 3025 729 3072 oum
756 3005 1008 3084 instituerentur,
1038 3025 1133 3090 quam
1161 3025 1234 3071 oum
1260 3006 1410 3072 instituta

262 3115 513 3180 celebrarentur?
540 3113 640 3196 Atqui
662 3117 738 3178 tuuc
761 3113 899 3179 nondum
924 3116 1021 3191 erant,
1047 3113 1102 3178 sed
1125 3116 1162 3177 ut
1186 3117 1295 3178 esseut
1317 3111 1410 3178 adde-

261 3221 388 3298 bantur;
416 3224 528 3305 postea
555 3240 630 3285 uero
658 3221 721 3285 iam
750 3223 848 3298 erant,
874 3239 953 3303 quas
981 3223 1018 3284 ut
1040 3219 1229 3302 prodessent
1251 3217 1408 3285 custodie·
1429 3245 1458 3284 aa

260 3327 385 3395 bantur.
414 3326 498 3406 Quid
522 3346 596 3412 ergo
621 3331 680 3404 est,
705 3327 790 3410 quod
812 3327 860 3391 illi
884 3326 1095 3412 quadraginta
1118 3331 1183 3392 tres
1206 3327 1271 3405 nel,
1294 3330 1332 3392 ut
1355 3325 1408 3391 alii

262 3436 385 3513 uolunt,
412 3434 545 3519 triginta
571 3439 604 3499 et
631 3453 744 3499 nouem
774 3433 847 3498 anni
874 3433 906 3498 iu
934 3437 1001 3499 tam
1029 3433 1123 3518 longa
1150 3452 1228 3517 pace
1256 3431 1409 3500 transacti

354 3609 386 3664 16
405 3608 435 3663 L.
454 3607 507 3664 VII
527 3625 548 3663 c.
568 3609 603 3663 34

298 3725 447 3829 lplbilium
462 3759 503 3828 L;
520 3759 690 3830 popilinmrl
744 3755 956 3812 adiubisseLll
1011 3757 1259 3828 5111111111111
1314 3723 1410 3813 tuso-

263 3849 396 3902 leutLrl
456 3850 489 3903 14
507 3848 639 3920 mollitus,
658 3849 668 3902 l
687 3865 775 3912 eraso,
794 3846 821 3901 L
877 3849 909 3902 15
928 3847 1006 3902 barro
1026 3846 1085 3900 LA
1144 3847 1177 3900 16
1196 3863 1244 3900 suo
1264 3845 1411 3900 disseretur

265 3936 510 4006 diligentiusL¹ll
566 3937 598 3991 18
618 3940 891 4007 pax....estom.e
945 3935 978 3990 21
999 3935 1144 4005 Pompilio]
1165 3933 1411 4004 populoLAG¹p
1518 3957 1519 3968 a

264 4042 312 4096 per
330 4027 384 4080 ista
403 4042 417 4080 e
487 4025 691 4080 inlaudabilis
711 4023 851 4092 (laudauil.
870 4024 907 4090 L)
928 4024 1022 4092 codd.;
1038 4023 1250 4078 laudabiliores
1318 4023 1352 4076 23
1371 4023 1410 4075 in·
1518 4017 1519 4078 l

266 4117 433 4167 struerentur
454 4097 488 4169 C'
528 4115 564 4168 ‘24
583 4118 666 4184 atque
684 4113 743 4168 La
816 4111 1060 4166 addouanturLA
1113 4112 1148 4165 26
1167 4114 1222 4165 tres
1240 4126 1301 4179 sap.
1321 4108 1410 4163 dian
1518 4089 1519 4128 l

266 4229 300 4282 aa
327 4229 400 4283 xxa
419 4229 602 4296 11111111·
629 4229 703 4284 xxx
718 4185 812 4284 clm
830 4231 869 4296 a,·
896 4229 958 4297 trig.
978 4231 1007 4281 a
1029 4243 1126 4281 nouem
1148 4225 1273 4294 coasp
1284 4223 1355 4291 11],-
1384 4227 1412 4278 a
1518 4235 1519 4274 1

266 4333 317 4371 oua.
337 4335 380 4386 qo
390 4317 442 4372 t'o
461 4319 559 4373 Dcosb.
