3108 4926
287 381 351 444 360
509 448 511 454 Α
639 375 665 429 S.
693 374 849 456 Aurelii
879 375 1098 444 Augustini

288 589 413 634 seruare
447 568 595 646 adfectat,
628 569 703 652 quia
735 572 767 633 et
798 569 848 634 illi
879 569 941 634 iste
969 588 1039 635 mos
1071 568 1201 651 placuit,
1233 568 1349 633 factum
1379 572 1423 632 est

288 679 325 740 ut
357 675 452 768 etiam
484 675 586 758 ipsius
619 675 761 740 Platonis
794 676 832 740 de
869 675 963 742 rebus
1001 677 1127 760 magnis
1164 675 1335 740 sententiae
1369 693 1423 740 nou

287 782 381 847 facile
399 782 537 865 perspici
556 783 689 866 possint.
713 783 759 846 Ex
776 783 827 846 bis
846 785 962 861 temen,
982 801 1062 866 quae
1088 783 1257 864 aputeum
1275 781 1424 866 leguntur,
1531 823 1532 866 ,

289 889 357 954 siue
386 908 466 972 quae
495 889 583 966 dixit,
608 887 677 954 siue
705 908 785 973 quae
810 889 848 954 ab
872 888 944 954 aliis
969 888 1054 954 dicta
1077 907 1147 954 esse
1170 887 1310 952 narrauit
1331 887 1424 970 adque

289 996 488 1079 conscripsit,
513 1016 593 1079 quae
621 996 682 1061 sibi
710 994 828 1080 placita
850 995 1044 1068 uiderentur,
1069 995 1224 1078 quaedam
1247 1012 1425 1060 commemo·
1451 1017 1462 1056 a

287 1103 350 1166 rari
379 1106 411 1167 et
438 1103 526 1188 operi
553 1103 628 1168 huic
654 1103 751 1168 inseri
775 1105 900 1186 oportet
924 1121 941 1165 a
964 1101 1066 1176 nobis,
1090 1102 1144 1165 uel
1166 1101 1222 1167 ubi
1245 1103 1426 1184 suffragatur

287 1209 433 1294 religioni
461 1230 564 1286 uerae,
594 1230 687 1294 quam
716 1211 795 1275 fides
827 1213 934 1276 nostra
967 1209 1105 1292 suscipit
1136 1228 1171 1274 ac
1204 1208 1352 1286 defendit,
1378 1211 1425 1274 uel

288 1317 345 1381 ubi
369 1317 398 1382 ei
423 1317 549 1383 uidetur
571 1337 641 1382 esse
665 1318 852 1395 contrarius,
872 1321 1024 1400 quantum
1049 1316 1088 1382 ad
1110 1316 1204 1382 istam
1229 1316 1267 1381 de
1286 1335 1347 1380 uuo
1366 1315 1425 1380 Deo
1532 1341 1533 1358 o

289 1427 322 1489 et
354 1423 499 1508 pluribus
531 1425 670 1507 pertinet
702 1424 931 1508 quaestionem,
959 1427 1087 1508 propter
1114 1423 1226 1497 uitam,
1254 1441 1334 1506 quae
1359 1427 1426 1504 post

289 1533 423 1596 mortem
442 1532 549 1596 futura
567 1534 626 1608 est,
646 1531 801 1596 ueraciter
819 1532 953 1596 beatam.
977 1530 1136 1596 Fortassis
1156 1529 1237 1594 enim
1258 1530 1312 1612 qui
1330 1529 1425 1594 Plato·
1441 1548 1463 1586 u

289 1655 359 1701 nem
397 1637 511 1703 ceteris
543 1637 742 1721 pbilosophis
775 1639 918 1724 gentium
950 1639 1046 1721 longe
1077 1639 1225 1719 recteque
1257 1636 1424 1719 praelatum
1533 1638 1534 1722 l

290 1743 415 1808 acutius
444 1742 545 1827 adque
574 1743 719 1810 ueracius
746 1745 939 1810 intellexisse
968 1763 1004 1810 ao
1028 1741 1131 1808 secuti
1154 1761 1225 1808 esse
1248 1743 1332 1808 fama
1355 1742 1425 1806 cele·
1533 1723 1534 1758 ἶ

288 1851 392 1916 briore
419 1850 598 1927 laudantur,
623 1850 743 1934 aliquid
771 1851 835 1915 tale
865 1851 903 1914 de
928 1851 994 1916 Deo
1018 1850 1169 1928 sentiunt,
1194 1853 1232 1914 ut
1254 1849 1286 1913 in
1309 1849 1365 1913 illo
1389 1850 1426 1912 in·

289 1957 434 2022 uenialur
465 1961 498 2022 et
529 1977 624 2022 causa
655 1957 851 2024 subsistendi
881 1961 912 2022 et
944 1957 1023 2022 ratio
1056 1955 1263 2040 intellegendi
1294 1959 1327 2022 et
1358 1955 1425 2020 ordo

289 2064 434 2140 uiuendi;
459 2083 592 2147 quorum
615 2065 712 2130 trium
736 2084 834 2129 unum
858 2065 898 2128 ad
920 2065 1106 2140 naturalem,
1125 2065 1259 2128 alterum
1284 2062 1462 2127 adratione

286 2172 403 2249 nalem,
425 2171 557 2235 tertium
586 2171 625 2235 ad
652 2171 805 2236 moralem
831 2175 951 2254 partem
976 2169 1174 2254 intellegitur
1196 2169 1361 2252 pertinere.
1397 2167 1427 2234 Si
1534 2177 1535 2210 l

290 2278 374 2342 enim
402 2277 496 2343 homo
525 2277 570 2342 ita
598 2281 721 2344 creatus
750 2282 809 2354 est,
833 2280 870 2344 ut
893 2297 948 2361 per
970 2277 1013 2354 id,
1039 2276 1124 2360 quod
1146 2276 1178 2340 in
1202 2295 1238 2340 eo
1261 2275 1426 2359 praecellit,

290 2383 433 2470 adtingat
459 2384 550 2460 illud,
580 2385 664 2469 quod
692 2388 808 2451 cuncta
838 2385 1013 2467 praecellit,
1045 2384 1077 2449 id
1111 2387 1161 2448 est
1192 2403 1293 2448 unum
1324 2401 1427 2446 uerum

290 2491 446 2574 optimum
469 2491 583 2570 Deum,
613 2491 681 2556 sine
709 2511 770 2574 quo
799 2491 886 2556 nulla
913 2497 1025 2556 natura
1057 2489 1215 2566 subsistit,
1245 2489 1332 2554 nulla
1361 2488 1427 2552 doc·

289 2597 371 2661 trina
397 2597 536 2674 instruit,
560 2598 668 2663 nullus
696 2616 774 2662 usus
803 2597 940 2678 expedit:
967 2597 1036 2678 ipse
1063 2598 1242 2677 quaeratur,
1266 2595 1322 2659 ubi
1343 2593 1463 2658 nobiseo
1535 2583 1536 2604 ²

290 2704 371 2772 serie
399 2706 474 2770 sunt
497 2703 615 2779 omnia;
644 2705 713 2787 ipse
737 2708 890 2781 cernatur,
915 2704 969 2768 ubi
992 2703 1083 2768 nobis
1108 2705 1193 2768 certa
1217 2706 1292 2766 sunt
1315 2701 1425 2774 omnia;

288 2810 357 2892 ipse
381 2808 542 2894 diligatur,
566 2809 622 2873 ubi
644 2809 735 2874 nobis
758 2812 845 2874 recta
868 2817 944 2874 sunt
967 2808 1082 2875 omnia.

327 3045 418 3100 liste
436 3045 550 3114 scupea}
566 3045 625 3114 ipse
644 3045 722 3100 codd.
813 3044 893 3099 oux
911 3044 954 3098 his
974 3049 1065 3098 tamen
1083 3061 1167 3102 omo
1257 3043 1333 3100 dab
1352 3039 1428 3096 illisl

290 3151 349 3190 esse
369 3136 452 3189 ocal
514 3135 741 3204 dlruicoperio
795 3134 931 3188 'uelutis
994 3131 1427 3206 leuseipitGabderqse-

289 3225 410 3294 suscepit
428 3225 449 3277 1¹
468 3224 567 3278 Domb.
641 3224 685 3277 uel
703 3239 763 3292 sup.
784 3223 832 3277 lin.
853 3223 863 3277 l
917 3223 933 3276 9
953 3227 981 3277 et
998 3239 1058 3292 sup.
1079 3223 1127 3276 lin.
1148 3223 1158 3278 l
1230 3227 1336 3292 quaest.
1354 3233 1427 3276 oms

292 3341 325 3395 10
345 3343 388 3394 est
405 3357 439 3394 m.
458 3345 474 3393 1
491 3341 522 3394 in
539 3356 596 3393 rae.
618 3339 641 3392 0
696 3340 728 3393 12
745 3337 957 3408 intellegiseeO
1028 3343 1135 3410 atqueo
1192 3340 1225 3393 13
1242 3303 1428 3392 inuenialurC

292 3433 325 3484 14
349 3433 377 3482 ct
395 3428 460 3482 ordo
479 3427 590 3482 uiuendi
608 3445 659 3482 om.
680 3428 699 3482 d
771 3428 804 3482 19
828 3427 960 3482 subsistet
981 3429 1013 3481 0¹
1085 3429 1118 3482 21
1139 3427 1210 3481 serie
1226 3427 1334 3496 scripsi.
1351 3439 1426 3496 oppo-

289 3523 398 3573 nuntur
416 3518 487 3570 enim
506 3517 574 3570 boec
591 3517 630 3571 eis
648 3534 719 3585 quae
736 3533 824 3585 supro
844 3517 877 3570 de
890 3517 1011 3571 Platone
1030 3517 1105 3571 dicta
1123 3523 1188 3570 runt
1205 3522 1299 3586 utpote
1313 3515 1427 3570 Sucrone

289 3607 463 3662 notissimum
484 3623 584 3662 morem
607 3607 827 3660 dr'selmulandae
848 3607 982 3662 scientiae
1003 3607 1049 3660 uel
1071 3607 1211 3676 opinionis
1232 3621 1300 3660 auae
1325 3618 1426 3660 cornert

291 3695 457 3764 adfectantc.
476 3698 550 3748 serta
564 3695 661 3760 l¹su¹,·
679 3695 776 3764 sitap;
795 3699 869 3750 certe
886 3694 918 3748 0¹
929 3696 959 3749 a¹
970 3695 1004 3761 l²;
1024 3695 1125 3750 diserta
1142 3693 1176 3746 0²
1189 3693 1303 3762 Domb.,·
1321 3694 1425 3748 distorte

291 3801 305 3839 e
324 3785 355 3838 in
373 3800 468 3854 muro,
486 3783 562 3851 1:²5·
580 3787 688 3837 seruata
708 3782 781 3851 da²,·
798 3800 891 3838 secura
906 3782 944 3848 α’,
964 3785 994 3837 in
1013 3801 1068 3838 rae.
1084 3785 1108 3848 b,
1128 3783 1230 3852 equo
1301 3784 1358 3854 ipse
1376 3795 1424 3835 cer·

290 3872 542 3928 natur....onruia
559 3889 610 3926 oon
631 3873 659 3926 a¹
716 3873 750 3926 22
770 3877 842 3927 recte
863 3872 897 3926 0¹
