3164 4932
282 457 347 522 618
625 453 651 507 S.
680 452 839 507 Aurelii
867 453 1085 520 Augustini

280 651 402 715 homiui
429 649 572 716 faciendo
600 649 748 714 materies
777 649 848 726 fuit,
866 639 977 712 vhomo·
1003 651 1110 712 autem
1133 647 1254 712 homini
1277 647 1433 733 gignendo

281 775 406 841 parens.
443 757 578 822 Proinde
608 757 692 839 quod
720 758 771 820 est
795 759 887 834 terra,
912 773 973 820 uon
1006 755 1067 821 hoe
1098 759 1149 820 est
1181 773 1263 824 earo.
1287 756 1434 837 quamuis

283 883 319 929 ar
351 867 435 928 terra
466 863 551 928 faeta
583 864 626 928 sit
653 881 741 938 earm
775 863 859 946 quod
887 866 938 927 est
966 865 1072 927 autem
1100 879 1212 944 parens
1240 862 1347 935 horno,
1376 861 1435 925 hoo

282 974 333 1036 est
365 977 396 1035 et
428 970 532 1052 proles
565 971 670 1036 homo.
703 969 738 1033 In
772 969 873 1051 primo
907 969 1008 1052 igitur
1039 968 1166 1033 homine
1198 986 1254 1049 per
1285 967 1434 1032 feminam

281 1077 313 1140 in
347 1077 530 1161 progeniem
564 1077 772 1141 transiturum
805 1076 989 1140 uniuersum
1023 1093 1123 1159 genus
1155 1073 1330 1139 humanum
1364 1073 1435 1140 suit.
1462 1097 1473 1137 a

282 1183 417 1265 quando*
431 1184 488 1248 illa
511 1184 683 1268 coniugum
708 1184 822 1265 copula
846 1183 988 1248 diuinam
1007 1182 1196 1247 sententiam
1215 1201 1291 1246 snae
1311 1181 1435 1244 damna·

283 1291 379 1355 tionis
409 1291 544 1372 exoepit;
575 1292 607 1355 et
635 1288 720 1373 quod
747 1289 842 1354 homo
871 1291 976 1354 faetus
1001 1293 1060 1367 est,
1084 1308 1145 1354 non
1170 1308 1243 1354 oum
1267 1291 1434 1365 crearetur,

283 1397 340 1461 sed
368 1416 441 1461 oum
468 1400 614 1478 peccaret
642 1399 675 1461 et
701 1396 876 1478 puniretur,
901 1396 960 1460 hou
985 1394 1106 1480 genuit,
1130 1397 1283 1477 quantum
1307 1394 1435 1477 quidem

284 1503 406 1568 adtinet
428 1503 469 1568 ad
490 1501 614 1586 peceati
638 1505 669 1567 et
693 1503 803 1568 mortis
824 1502 986 1586 originem.
1009 1502 1080 1567 Non
1099 1502 1184 1567 enim
1203 1503 1242 1566 ad
1259 1500 1434 1566 infantilem

284 1609 510 1675 hebetudinem
533 1613 566 1674 et
588 1609 804 1674 infirmitatem
828 1609 924 1674 animi
948 1611 981 1672 et
1004 1607 1154 1692 eorporis,
1174 1628 1268 1691 quam
1289 1607 1434 1672 uidemus
1454 1628 1473 1666 o

283 1716 314 1780 in
343 1716 497 1800 paruulis,
525 1718 656 1800 peceato
685 1717 738 1780 uel
766 1735 868 1799 poena
894 1715 949 1779 ille
977 1715 1124 1780 redactus
1153 1719 1204 1780 est
1225 1718 1321 1798 (quae
1351 1713 1435 1777 Deus

283 1822 388 1886 uoluit
420 1841 490 1886 esse
519 1824 683 1904 tamquam
711 1821 883 1903 primordia
912 1821 1100 1898 catulorum,
1128 1839 1262 1902 quorum
1290 1823 1435 1903 parentes

283 1929 315 1992 in
339 1927 504 1992 bestialem
531 1929 631 1993 uitam
654 1930 852 2009 mortemque
877 1926 1046 2004 deiecerat3
1071 1927 1157 1992 siout
1179 1925 1263 1990 enim
1281 1927 1434 2010 seriptum

284 2041 349 2099 est:
386 2035 510 2100 Homo
550 2036 587 2099 in
625 2035 776 2100 honore
814 2052 899 2098 oum
937 2036 1058 2111 esset,
1096 2053 1170 2099 non
1204 2033 1434 2108 intellexit

285 2143 531 2223 conparatus
566 2146 629 2206 est
655 2141 876 2224 pecoribus
909 2160 984 2205 non
1016 2139 1367 2224 intellegentibus
1399 2143 1474 2203 etn

285 2245 442 2312 similis
475 2247 612 2314 fautus
646 2251 708 2312 est
739 2248 847 2324 illis;
880 2247 942 2312 nisi
974 2247 1058 2329 quod
1084 2247 1220 2312 infantes
1248 2247 1433 2312 infirmiores

285 2353 381 2417 etiam
410 2354 569 2420 cernimus
597 2354 628 2418 in
658 2373 719 2420 usu
745 2357 899 2437 motuque
927 2354 1139 2419 membrorum
1169 2358 1201 2418 et
1224 2373 1320 2419 sensu
1344 2353 1434 2437 adpe-

284 2460 373 2526 tendi
401 2461 503 2543 adque
532 2460 663 2539 uitandi,
693 2481 787 2544 quam
815 2466 891 2527 sunt
918 2461 1050 2527 aliorum
1078 2460 1239 2526 tenerrimi
1261 2461 1348 2525 fetus
1372 2459 1433 2524 ani-

285 2567 433 2642 malium
463 2571 624 2649 tamquam
655 2587 689 2632 se
717 2572 805 2633 tanto
829 2568 962 2632 adtollat
984 2568 1190 2632 excellentius
1214 2585 1309 2650 supra
1333 2570 1434 2632 cetera

285 2673 457 2740 animantia
488 2673 538 2737 uis
570 2672 718 2751 humana,
752 2675 868 2755 quanto
902 2672 1004 2757 magis
1035 2673 1179 2755 inpetum
1211 2691 1318 2751 suum,
1346 2672 1433 2736 uelut
1449 2693 1472 2730 a

286 2781 405 2864 sagitta
427 2799 500 2846 oum
519 2799 611 2846 arcus
631 2780 818 2858 extenditur,
838 2783 1011 2845 retrorsum
1030 2780 1161 2846 reducta
1179 2779 1370 2864 distulerit);
1392 2815 1432 2825 -

285 2906 346 2952 non
376 2907 449 2971 ergo
474 2886 514 2952 ad
536 2887 599 2952 ista
622 2886 779 2952 infantilia
801 2887 980 2952 rudimenta
1001 2887 1236 2970 praesumtione
1257 2887 1384 2953 inlicita
1404 2891 1434 2950 et

285 2993 484 3058 damnatione
508 2993 594 3058 iusta
612 2995 780 3076 prolapsus
798 2993 851 3057 uel
870 2993 1016 3076 inpulsus
1036 2996 1087 3058 est
1104 2993 1226 3076 primus
1244 2995 1355 3070 homo;
1379 2993 1433 3058 sed

284 3099 438 3164 hactenus
465 3100 496 3163 in
526 3118 561 3163 eo
591 3104 703 3164 natura
730 3099 868 3165 humana
895 3100 1008 3164 uitiata
1036 3101 1137 3184 adque
1164 3103 1289 3166 mutata
1317 3104 1376 3176 est,
1399 3105 1434 3162 ut

284 3211 510 3290 repugnantem
542 3208 703 3290 pateretur
738 3207 770 3270 in
807 3205 958 3271 membris
991 3207 1255 3272 inoboedientiam
1289 3207 1433 3287 concupi·
1450 3223 1473 3262 a

285 3313 393 3378 scendi
421 3317 454 3377 et
480 3312 730 3396 obstringeretur
765 3312 956 3378 necessitate
989 3313 1151 3392 moriendi,
1180 3314 1282 3398 adque
1314 3315 1362 3377 ita
1390 3312 1432 3388 id,

286 3419 371 3502 quod
394 3420 474 3484 uitio
498 3437 660 3503 poenaque
683 3419 786 3484 faetus
811 3422 868 3499 est,
887 3417 921 3482 id
940 3423 991 3484 est
1008 3420 1159 3486 obnoxios
1176 3423 1308 3503 peceato
1328 3419 1434 3486 morti-

287 3544 347 3608 que
384 3529 558 3608 generaret.
603 3528 630 3590 A
668 3545 729 3608 quo
766 3526 888 3608 peooati
925 3526 1054 3592 uinculo
1089 3527 1116 3592 si
1158 3547 1213 3610 per
1249 3527 1432 3593 Mediateris

286 3631 407 3696 Christi
429 3633 563 3715 gratiam
595 3633 765 3698 soluuntur
793 3632 940 3711 infantae,
969 3634 1050 3700 hane
1077 3634 1177 3700 solam
1206 3637 1340 3700 mortem
1368 3653 1432 3716 per-

378 3857 410 3910 14
429 3857 473 3912 Ps.
492 3857 536 3920 48,
557 3859 590 3912 13

321 3999 448 4051 dautem
469 4001 543 4052 este
598 3999 681 4054 61111
699 4016 784 4055 om.e
856 4002 978 4070 copulam
1000 4001 1026 4054 V
1079 4003 1108 4055 ll
1132 4019 1200 4070 quae
1219 4002 1316 4070 noluit,
1336 4003 1433 4056 1111111

286 4085 368 4142 Deus.
393 4085 420 4138 V
509 4089 541 4142 13
560 4089 787 4157 mortalemquel
895 4093 967 4144 enim
990 4090 1278 4160 VbepafDomb.,·
1299 4109 1351 4146 om.
1372 4093 1433 4145 111

288 4175 321 4228 14
340 4191 400 4229 curn
419 4176 448 4229 in
466 4175 561 4230 hono
616 4179 649 4232 16
667 4177 723 4230 illis
743 4179 854 4246 abp·u,·
873 4197 923 4236 om.
944 4179 990 4245 V¹,·
1007 4181 1045 4234 eis
1063 4179 1142 4234 V²el
1155 4180 1254 4235 Domb.
1312 4183 1345 4234 17
1364 4181 1432 4234 sicut

286 4263 453 4316 cemimuse
527 4264 559 4316 18
579 4265 663 4317 sintl
736 4267 767 4319 al
790 4269 1013 4322 etretrorsuml
1075 4269 1432 4326 asinl.erdamn.on.1

285 4351 320 4403 23
336 4350 380 4404 uel
394 4350 516 4419 inpulsus
528 4368 589 4420 sup.
605 4351 653 4405 lin.
669 4369 682 4406 e
737 4355 770 4407 29
786 4353 888 4409 Christi
907 4355 967 4423 Ve;
982 4372 1032 4410 arn.
1049 4374 1067 4410 a
1078 4357 1093 4412 b
1104 4357 1166 4426 lpu
1239 4357 1384 4412 selbuntur
1398 4357 1428 4410 V'
