3072 4930
381 401 430 454 De
459 401 631 454 ciuitate
660 400 721 454 dei
749 400 813 454 lib.
839 401 870 458 V.
895 418 970 471 cap.
997 403 1038 456 la.
1218 405 1278 466 251

122 597 235 680 adque
255 597 431 680 gloriosum
450 600 482 660 et
504 596 633 661 illorum
650 595 820 662 intentioni
838 617 958 662 meroes
978 617 1072 681 quam
1092 596 1285 680 quaerebant

122 707 177 768 est
216 702 351 778 reddita,
390 707 422 767 et
458 704 548 770 nobis
590 704 753 786 proposita
794 705 989 770 necessariae
1027 703 1283 769 commonitionis

123 811 286 893 exempla,
311 812 357 888 ut,
381 809 409 874 si
433 809 580 888 uirtutes,
607 829 739 892 quarum
759 811 840 875 istae
860 815 1034 892 utcumque
1054 815 1130 874 eunt
1149 809 1282 888 similes,

124 937 211 1000 quas
247 917 302 980 isti
335 934 390 998 pro
424 916 566 982 ciuitatis
599 919 739 981 terrenae
773 917 892 1002 gloriae
925 920 1105 994 tenuerunt,
1138 936 1194 999 pro
1222 915 1283 980 Dei

92 1023 368 1108 egloriosissima
396 1023 525 1088 ciuitate
553 1043 613 1088 non
642 1024 849 1102 tenuerimus,
882 1025 1001 1108 pudore
1025 1041 1216 1108 pungamur;
1255 1024 1283 1088 si

123 1131 343 1207 tenuerimus,
377 1128 526 1212 superbia
559 1149 619 1194 non
654 1131 855 1208 extollamur;
898 1131 1058 1214 quoniam,
1093 1131 1178 1196 sicut
1205 1129 1284 1194 dicit

124 1235 310 1317 apostolae,
343 1234 521 1320 indignae
546 1238 634 1300 sunt
657 1236 857 1319 passiones
887 1237 1000 1302 huius
1029 1236 1210 1319 temporis
1240 1236 1307 1300 ad*

125 1342 300 1406 futuram
326 1340 495 1424 gloriam,
520 1360 612 1423 quae
635 1341 874 1406 reuelabitur
896 1343 931 1408 in
956 1343 1075 1408 nobis.
1099 1341 1148 1408 ad
1172 1343 1282 1407 huma-

124 1467 203 1512 nam
219 1465 297 1512 uero
316 1445 449 1530 gloriam
464 1447 703 1531 praesentisque
723 1449 874 1530 temporis
894 1450 973 1514 satis
993 1450 1088 1535 digna
1107 1450 1175 1514 uita
1190 1448 1283 1514 aesti-

82 1579 107 1616 ιο
125 1555 281 1619 mabatur
299 1555 437 1618 illorum.
461 1553 552 1620 Unde
573 1554 668 1619 etiam
687 1555 806 1632 Iudaei,
831 1557 886 1639 qui
906 1557 1068 1622 Christum
1088 1556 1283 1631 occiderunt,

126 1661 295 1726 reuelante
326 1663 519 1726 testamento
548 1679 630 1725 nouo
655 1661 741 1744 quod
768 1662 799 1726 in
828 1666 936 1728 uetere
967 1665 1108 1728 uelatum
1142 1663 1214 1740 fuit,
1247 1667 1284 1726 ut

126 1787 192 1832 non
217 1787 275 1850 pro
293 1767 427 1832 terrenis
447 1771 480 1832 et
497 1768 727 1849 temporalibus
752 1769 923 1845 beneficiis,
948 1789 1028 1852 quae
1048 1770 1156 1834 diuino
1178 1769 1282 1852 proui-

128 1874 242 1938 dentia
264 1874 418 1956 permixte
441 1873 533 1939 bonis
557 1874 713 1957 malisque
737 1875 891 1955 concedit,
916 1877 973 1941 sed
994 1895 1050 1960 pro
1070 1880 1196 1942 aeterna
1216 1876 1284 1940 uita

127 1979 383 2063 muneribusque
407 1980 569 2064 perpetuis
594 1985 625 2046 et
648 1981 749 2063 ipsius
778 2001 932 2066 supernae
961 1983 1102 2048 ciuitatis
1131 1983 1283 2047 societate

88 2111 112 2152 re
130 2089 257 2152 colatur
279 2087 365 2156 Deus
389 2106 471 2152 unus
496 2091 528 2151 et
551 2107 659 2166 uerus,
682 2089 860 2154 rectissime
884 2089 1017 2154 istorum
1038 2090 1156 2173 gloriae
1176 2089 1283 2153 donati

131 2197 218 2270 sunt,
247 2197 286 2258 ut
309 2194 353 2270 hi,
383 2195 438 2276 qui
461 2195 747 2278 qualibuscumque
771 2196 946 2262 uirtutibus
970 2199 1124 2262 terrenam
1149 2195 1281 2280 gloriam

131 2301 363 2382 quaesiuerunt
382 2307 413 2364 et
433 2301 684 2383 adquisiuerunt,
704 2302 866 2367 uincerent
886 2322 950 2380 eos,
972 2304 1025 2385 qui
1048 2303 1172 2387 magnis
1193 2301 1282 2366 uitiis

131 2407 278 2471 datorem
310 2425 403 2472 uerae
427 2407 546 2492 gloriae
575 2412 606 2472 et
635 2409 776 2474 ciuitatis
805 2413 949 2474 aeternae
973 2409 1157 2474 occiderunt
1180 2410 1282 2490 adque

130 2523 333 2598 respuerunt.

90 2681 114 2721 m
453 2657 456 2664 '
565 2655 701 2721 CAPUT
724 2656 858 2724 XVIIII.

133 2793 213 2875 Quo
238 2795 340 2860 inter
363 2815 401 2861 sa
426 2795 607 2862 differant
631 2798 825 2881 cupiditas
850 2798 994 2882 gloriae
1024 2803 1060 2862 et
1089 2799 1281 2881 cupiditas

570 2905 849 2970 dominationis.

177 3047 316 3111 Interest
339 3064 414 3111 sane
436 3045 520 3111 inter
542 3046 748 3130 cupiditatem
778 3047 932 3111 humanae
956 3047 1074 3130 gloriae
1103 3049 1136 3112 et
1164 3047 1283 3129 cupidi·

132 3155 232 3218 tatem
259 3153 491 3218 dominationis.
538 3153 620 3218 Nam
643 3153 719 3218 licet
737 3153 879 3236 procliue
904 3153 956 3230 sit,
986 3157 1031 3227 ut.
1060 3153 1115 3236 qui
1144 3153 1283 3218 humana

92 3285 117 3326 25
135 3259 239 3342 gloria
271 3261 404 3325 niqum
437 3260 623 3337 delectatur,
658 3259 753 3324 etiam
782 3260 936 3324 dominari
969 3259 1113 3324 ardenter
1135 3260 1283 3338 adfectat,

133 3371 239 3430 tamen
264 3367 319 3448 qui
351 3385 457 3431 ueram
489 3366 566 3431 licet
598 3366 806 3430 humanarum
840 3365 970 3430 laudum
1003 3367 1136 3450 gloriam
1169 3385 1282 3430 concu-

134 3472 273 3554 piscunt,
307 3472 383 3536 dant
406 3493 532 3556 operam
556 3472 634 3537 bene
659 3472 874 3538 iudicantibus
897 3493 957 3538 non
982 3473 1159 3557 displicere.
1202 3471 1283 3538 Sunt

135 3579 220 3643 enim
243 3579 345 3644 multa
369 3580 400 3643 in
424 3579 566 3644 moribus
590 3579 681 3658 bona,
707 3579 745 3644 de
769 3580 885 3663 quibus
910 3581 1003 3646 multi
1027 3581 1105 3645 bene
1129 3580 1281 3654 iudicant,

226 3771 241 3823 7
261 3769 337 3824 Rom.
356 3771 380 3834 8,
402 3769 434 3824 18

173 3931 185 3985 1
217 3895 365 3998 quaerebob
392 3929 414 3983 0
502 3932 519 3983 2
547 3932 765 3985 communitionis
788 3929 856 3996 O¹e,·
885 3931 915 3984 in
938 3949 1022 4000 marp.
1048 3931 1243 3984 communionis
1269 3947 1282 3983 a

135 4021 152 4072 4
172 4035 240 4088 quas
259 4018 306 4071 isti
324 4035 358 4072 m.
378 4023 393 4072 1
410 4035 470 4088 sup.
491 4018 540 4076 lin.
559 4019 585 4071 L
680 4025 803 4074 terrenae
822 4020 942 4073 ciuitatis
965 4019 988 4073 0
1076 4021 1091 4072 6
1111 4019 1238 4090 superuis
1256 4019 1282 4071 L

136 4134 348 4189 Srebelauitur
365 4135 407 4202 L,·
430 4135 597 4189 rauelauitur
618 4135 650 4188 C¹
759 4101 892 4189 innobilO
979 4134 1205 4190 9eatimabatur
1222 4135 1281 4188 LA

139 4224 167 4276 ll
189 4221 436 4292 ueterelsuelatum,
451 4239 480 4276 re
494 4239 563 4276 eros.
582 4223 605 4278 Ο
660 4225 691 4278 17
707 4225 898 4293 quaesiuerunt
911 4223 937 4277 L
947 4225 970 4278 Δ
981 4241 999 4278 α
1009 4225 1024 4278 b
1035 4241 1087 4293 ep‚·
1108 4223 1283 4293 quaesierunt

140 4311 325 4379 quDornb.
381 4309 728 4380 atadquiaiueruutom.a
775 4315 806 4366 21
824 4313 953 4366 differunt
960 4331 983 4382 p
1028 4311 1281 4384 24proclibeLd¹
