3136 4928
276 446 340 512 560
618 445 645 502 S.
673 443 830 500 Aurelii
857 443 1076 514 Augustini

274 638 345 717 Dei,
369 658 431 722 qua
453 638 666 722 requiescitur
687 637 719 703 in
743 639 823 704 Deo.
845 639 882 704 In
905 642 973 704 toto
999 639 1125 721 quippe,
1147 637 1181 702 id
1204 641 1255 704 cst
1278 637 1309 702 in
1332 639 1430 721 plena

274 747 477 832 perfectione,
505 745 645 830 requies;
679 747 711 811 in
739 749 827 829 parte
856 750 963 812 autem
989 745 1088 813 labor.
1130 745 1205 810 Ideo
1232 744 1429 818 laboramus,

276 853 427 936 quamdiu
461 873 497 919 en
525 855 613 938 parto
642 853 772 931 scimus,
801 853 859 918 scd
887 872 959 918 cum
987 850 1112 918 uenerit
1138 851 1224 935 qnod
1249 851 1431 936 perlectum

276 962 335 1038 est,
369 959 453 1044 quod
487 979 523 1025 ex
554 961 643 1042 parte
676 963 726 1024 est
759 959 977 1024 euacuabitur.
1018 959 1102 1024 Hinc
1134 960 1184 1024 est
1215 957 1302 1044 qnod
1330 957 1431 1023 etiam

275 1066 448 1150 scripturas
471 1065 551 1132 istas
575 1085 648 1131 cum
670 1065 777 1131 labore
799 1066 961 1131 rimamur.
990 1063 1099 1130 Sancti
1121 1083 1197 1129 asro
1221 1064 1327 1149 angeli
1351 1082 1429 1147 quo·
1464 1082 1478 1123 s

275 1191 345 1238 mm
369 1171 515 1238 societati
538 1178 571 1237 ct
589 1171 828 1257 congregationi
845 1171 878 1236 in
897 1171 956 1236 hac
975 1169 1225 1255 peregrinatione
1243 1168 1431 1236 laboriosis-

277 1280 357 1344 sima
390 1280 597 1362 suspiramus,
629 1279 715 1344 sicut
746 1279 863 1344 habent
891 1277 1094 1362 permanendi
1122 1277 1354 1355 aeternitatem,
1382 1277 1431 1342 ita

276 1385 485 1470 cognoscendi
509 1385 696 1451 facilitatem
720 1388 752 1450 et
774 1383 993 1468 requiescendi
1015 1384 1212 1450 felicitatem.
1246 1383 1322 1450 Sine
1346 1383 1431 1449 diffi-

277 1492 396 1558 cultate
434 1493 550 1576 quippo
583 1511 640 1557 nos
673 1491 838 1569 adiuuant,
871 1490 1021 1574 quoniam
1053 1489 1251 1574 spiritalibus
1284 1491 1431 1556 motibus

275 1598 363 1681 puris
387 1602 420 1663 et
440 1597 550 1664 liboris
574 1617 635 1664 non
659 1597 812 1664 laborant.
1453 1618 1480 1657 ro

705 1790 843 1856 CAPUT
865 1790 996 1856 XXXII.

276 1933 328 1999 De
358 1933 536 2018 opinione
565 1952 702 2012 eorum,
731 1934 793 2019 qui
822 1934 1038 2018 angelorum
1068 1931 1299 1998 creationem
1328 1937 1431 1998 antc-

503 2038 640 2107 riorcm
665 2040 801 2106 uolunt
824 2059 906 2105 esse
930 2059 1038 2124 quam
1061 2037 1198 2104 mundi.

322 2179 370 2247 Ne
393 2182 463 2265 quis
487 2185 594 2247 autem
619 2182 789 2249 contendat
812 2187 845 2248 et
869 2182 954 2247 dicat
976 2201 1037 2248 non
1058 2183 1184 2247 sanctos
1203 2181 1336 2266 angelos
1357 2201 1431 2248 esse

277 2288 472 2372 significatos
495 2289 526 2353 in
552 2308 588 2354 eo
613 2289 698 2373 quod
717 2289 871 2372 scriplum
891 2293 954 2353 est:
978 2288 1064 2353 Fiat
1085 2289 1158 2366 lux,
1182 2291 1219 2353 ct
1241 2288 1344 2352 facta
1369 2293 1431 2352 est
1451 2309 1476 2349 rs

275 2395 348 2472 lun,
373 2395 429 2460 scd
448 2395 625 2478 quamlibet
640 2395 746 2460 lucem
765 2397 842 2460 tunc
860 2395 996 2478 primum
1016 2395 1132 2460 factam
1152 2413 1223 2460 csse
1242 2411 1429 2476 corpoream

277 2504 334 2565 aut
356 2499 503 2584 opinetur
525 2504 581 2566 aut
604 2501 729 2578 doccat3
753 2500 883 2584 angelos
907 2504 1014 2566 aretem
1038 2501 1125 2583 prius
1149 2519 1219 2566 esso
1243 2501 1345 2565 factos
1365 2518 1429 2564 non

276 2609 400 2672 tantum
429 2609 500 2671 ante
524 2607 765 2683 firmamentum,
791 2607 876 2690 quod
899 2607 981 2673 inter
1004 2626 1103 2690 aquas
1127 2610 1160 2671 et
1183 2626 1281 2690 aquas
1305 2607 1428 2672 lactum

277 2715 471 2796 appellatum
504 2718 554 2780 est
587 2714 720 2788 caelum,
754 2715 811 2778 sed
843 2719 915 2780 ante
943 2714 1025 2779 illud
1052 2713 1090 2778 cle
1119 2732 1180 2796 quo
1210 2714 1333 2778 dictum
1363 2717 1427 2780 cst:
1562 2756 1563 2789 i

276 2822 316 2886 In
340 2821 529 2904 principio
554 2821 649 2886 fecit
673 2821 772 2886 Deus
798 2822 942 2886 caelum
967 2827 1003 2886 et
1026 2825 1177 2895 terram;
1206 2821 1310 2904 adque
1333 2819 1427 2896 illud,
1445 2841 1471 2881 ao

278 2927 363 3009 quod
395 2927 517 2994 dictum
549 2931 613 2993 est:
645 2928 686 2992 In
717 2927 917 3012 principio,
951 2945 1012 2992 non
1041 2928 1086 2992 ita
1113 2927 1234 2993 dictum
1262 2930 1428 3010 tamquam

276 3034 413 3116 primum
441 3033 501 3098 hoc
529 3034 649 3098 factum
678 3033 729 3110 sit,
759 3053 832 3099 cum
860 3037 932 3098 anto
960 3033 1071 3099 fecerit
1097 3033 1238 3118 angelos,
1267 3033 1324 3098 sed
1352 3033 1428 3114 quia

222 3197 227 3210 .
278 3139 384 3204 omnia
414 3140 447 3205 in
480 3139 636 3224 sapientia
667 3141 753 3218 fecit,
786 3140 871 3224 quod
903 3144 953 3205 est
979 3140 1120 3205 Verbum
1153 3139 1222 3205 eius
1255 3145 1289 3204 et
1319 3139 1427 3224 ipsum

277 3246 435 3330 scriptura
475 3247 666 3331 principium
686 3270 689 3276 ·
707 3247 885 3312 nominauit
926 3247 1026 3332 (sicut
1070 3247 1137 3330 ipsc
1182 3247 1214 3311 in
1258 3245 1425 3330 euangelio

276 3351 403 3416 Iudaeis
441 3353 665 3436 quaerentibus
704 3354 775 3436 quis
813 3358 899 3419 esset
933 3353 1098 3437 respondit
1134 3372 1169 3418 sc
1206 3371 1277 3418 esse
1313 3351 1426 3436 princi·
1445 3373 1470 3412 a

276 3459 395 3544 pium):
429 3479 489 3524 non
523 3477 539 3524 e
573 3459 728 3525 contrario
756 3460 888 3524 referam
918 3459 1160 3536 contentionem,
1187 3460 1324 3524 maxime
1353 3458 1426 3539 quia

277 3566 337 3630 hoc
370 3585 420 3629 mo
453 3565 590 3631 delectat
620 3565 805 3648 plurimum,
838 3566 924 3650 quod
956 3567 1051 3631 etiam
1084 3566 1115 3629 in
1145 3584 1270 3630 summo
1299 3563 1425 3630 exordio
1559 3625 1560 3674 γ

277 3671 379 3736 sancti
410 3671 484 3736 libri
517 3689 670 3755 geneseos
703 3671 827 3736 trinitas
860 3672 1108 3736 commendatur.
1151 3670 1231 3736 Cum
1265 3670 1347 3734 enim
1378 3669 1426 3732 ita

366 3863 382 3917 3
403 3862 427 3918 1.
447 3861 507 3917 Cor.
529 3863 570 3928 13,
589 3864 605 3918 9
625 3879 665 3932 sq.
721 3861 813 3916 2410.
833 3863 860 3928 8,
878 3861 912 3916 25

314 3999 330 4052 3
349 3997 510 4052 inueneritt
555 3999 571 4050 5
589 4014 628 4066 aq.
647 3997 788 4052 stertitur
806 3995 899 4062 oodd.,·
917 3995 952 4049 ad
971 4011 1084 4066 qnorum
1099 3996 1259 4050 societatem
1272 3997 1302 4048 et
1315 4009 1423 4063 congre·

279 4087 450 4154 gationemo
523 4085 768 4140 blaboriosissime
782 4101 820 4154 p‚·
837 4084 1096 4138 laboriosissimuot
1168 4081 1389 4153 bapiritualibus
1405 4097 1425 4134 o

280 4173 312 4228 10
331 4175 416 4244 puris]
435 4174 551 4243 patrist
607 4175 639 4228 16
658 4174 772 4244 primum
787 4179 879 4240 om.t,·
897 4173 1038 4244 primame
1094 4171 1126 4226 io
1145 4171 1248 4228 illumt
1320 4170 1424 4238 dequo

284 4261 617 4332 Voblpthquodeo
701 4263 897 4332 22sit]cste
983 4263 1179 4316 assarones
1266 4261 1300 4315 25
1321 4260 1364 4328 qui
1385 4256 1421 4308 V¹

279 4351 562 4418 ffiqmmmffl
