3136 4934
348 417 398 471 De
427 418 599 471 ciuitate
629 416 690 471 dei
718 417 783 473 lib.
812 417 900 471 vnn.
928 433 1004 488 oap.
1033 419 1058 473 2.
1085 417 1109 473 3.
1233 421 1299 484 409

151 614 251 678 rentia
271 613 401 678 deorum
421 616 453 677 ot
471 612 669 688 daemonum,
695 633 828 695 quorum
852 615 925 678 illos
946 614 983 678 ab
1003 614 1185 679 hominibus
1205 614 1299 698 longe

151 723 277 804 alteque
301 721 483 804 seiungunt,
508 721 588 784 istos
612 721 694 784 inter
717 722 792 784 daos
818 727 849 784 ot
868 720 1012 785 homines
1038 722 1217 791 conlocant:
1243 721 1299 786 sad

152 828 188 892 de
213 827 391 892 differentia
423 827 564 909 ipsorum
590 827 789 904 daemonum,
823 827 908 908 quod
941 826 981 890 ad
1008 829 1207 909 praesentem
1231 846 1300 910 par·-

150 937 231 1000 tiuet
265 935 492 1016 quaestionem.
538 934 626 1016 Aput
653 934 818 1016 plerosque
848 934 930 998 anim
959 934 1114 998 usitatum
1147 937 1197 998 ast
1225 934 1298 1010 diei,

120 1043 230 1108 salios
255 1043 355 1106 bonos
380 1041 459 1106 alios
483 1043 585 1106 malos
606 1040 790 1116 daemonos3
815 1059 895 1122 quae
920 1040 988 1104 siue
1013 1041 1056 1104 sit
1080 1041 1174 1104 etiam
1195 1041 1299 1106 Plato·

149 1150 304 1228 nieorum,
343 1147 411 1212 siue
450 1148 666 1230 quorumlibet
703 1148 868 1224 sententia,
906 1165 1103 1230 nequaquam
1142 1147 1211 1212 eius
1250 1151 1300 1213 est

149 1254 346 1340 neglegenda
370 1254 537 1332 discussio,
566 1254 797 1336 nequisquam
822 1254 914 1318 uelut
936 1237 1104 1318 daemones
1129 1253 1227 1319 bonos
1252 1275 1300 1318 so-

149 1361 292 1444 quendos
318 1359 378 1424 sibi
402 1379 472 1425 esse
497 1360 676 1436 arbitretur,
711 1379 765 1442 per
789 1379 868 1442 quos
897 1363 1059 1443 tamquam
1089 1361 1209 1426 medios
1239 1362 1298 1438 dia,

149 1487 230 1551 quos
256 1485 363 1532 omues
392 1468 490 1532 bonos
520 1467 630 1544 eredit,
664 1466 739 1532 dum
768 1467 928 1532 conciliari
956 1467 1096 1531 adfectat
1124 1471 1156 1532 et
1180 1468 1297 1544 studet,

108 1574 302 1656 autquasi
334 1593 407 1638 eum
438 1573 483 1638 ais
514 1574 618 1657 possit
649 1593 718 1638 esse
751 1577 824 1657 post
855 1577 1000 1652 mortem,
1032 1575 1179 1638 inretitus
1211 1575 1298 1638 mali-

149 1700 282 1766 gnorum
319 1682 489 1764 spirituum
516 1680 730 1764 deceptusque
764 1681 890 1744 fallacia
917 1681 1010 1764 longa
1035 1681 1159 1745 aberret
1183 1701 1201 1744 a
1223 1701 1298 1746 uero

149 1789 228 1864 Deo,
254 1807 326 1852 oum
351 1807 411 1870 quo
437 1788 503 1853 solo
529 1791 561 1852 ot
583 1787 614 1851 in
640 1807 701 1870 quo
725 1789 792 1854 solo
818 1791 849 1850 at
873 1787 910 1852 de
935 1806 996 1870 quo
1022 1789 1090 1853 solo
1115 1789 1218 1852 anima
1242 1789 1298 1852 bu-

148 1914 253 1974 mana,
277 1895 310 1958 id
335 1897 385 1959 est
406 1894 568 1960 rationalis
593 1897 624 1960 et
647 1895 885 1970 intellectualis,
909 1895 1001 1960 beata
1025 1899 1084 1960 est.

620 2087 756 2152 CAPUT
779 2087 835 2152 III.

106 2229 261 2311 rsQuaa
286 2229 550 2295 daemonibus
574 2230 773 2314 Apuleius
798 2229 1021 2308 adscribat,
1045 2230 1297 2312 quibusoam

147 2338 352 2402 rationem
385 2357 459 2402 non
489 2337 716 2415 subtrahat,
750 2337 857 2402 nihil
885 2337 1062 2402 uirtutis
1093 2337 1298 2422 adsignat.

195 2477 284 2558 Quae
320 2477 420 2562 igitur
456 2481 506 2542 est
537 2477 712 2542 differentia
746 2478 934 2542 daemonum
975 2478 1130 2542 bonorum
1170 2481 1203 2542 et
1234 2499 1298 2542 ma-

145 2589 275 2650 lorum?
313 2584 444 2665 Quando
473 2583 600 2666 quidem
628 2585 812 2648 Platonicus
840 2584 996 2667 Apuleius
1026 2583 1063 2647 de
1093 2583 1142 2648 bis
1173 2585 1299 2648 uniuer-

146 2694 259 2759 saliter
279 2691 436 2757 disserens
461 2693 581 2755 ettam
604 2689 706 2754 maulta
729 2692 861 2772 loquens
888 2691 925 2754 de
949 2691 1042 2755 aeriis
1063 2711 1172 2755 eorum
1192 2709 1299 2772 oorpo·

103 2825 127 2862 ao
145 2801 239 2865 ribus
264 2797 302 2862 de
326 2797 501 2862 uirtutibus
525 2796 628 2860 taouit
655 2795 841 2875 animorum,
876 2797 992 2880 quibus
1021 2799 1127 2861 essent
1153 2797 1298 2879 praediti,

147 2909 174 2971 si
199 2909 307 2970 esseut
325 2905 410 2969 boni.
435 2903 548 2968 Taouit
567 2922 640 2986 ergo
660 2903 867 2968 beatitudinis
888 2923 1027 2980 eausam,
1051 2904 1203 2968 indicium
1224 2921 1298 2967 uero

145 3013 296 3076 miseriae
316 3014 420 3076 taoere
440 3029 500 3074 non
521 3011 636 3092 potuit,
656 3011 809 3075 confitens
828 3029 934 3075 eorum
955 3015 1104 3088 mentem,
1126 3030 1188 3093 qua
1206 3011 1299 3075 ratio·

146 3121 237 3184 nales
262 3137 333 3182 esse
356 3117 529 3200 perhibuit,
554 3135 614 3180 non
639 3118 751 3180 saltem
775 3117 919 3182 inbutam
943 3118 1159 3199 munitamque
1179 3118 1298 3182 uirtute

145 3225 351 3309 passionibus
367 3225 464 3289 animi
478 3223 752 3288 inrationabilibus
767 3245 966 3306 nequaquam
982 3225 1101 3296 aedera.
1122 3225 1177 3288 sed
1196 3225 1298 3306 ipsam

101 3360 125 3396 ss
147 3351 287 3416 quoque,
312 3331 397 3397 siout
421 3333 591 3396 stultarum
610 3331 763 3395 mentium
783 3350 852 3397 moa
873 3335 932 3409 est,
957 3331 1142 3414 procellosis
1163 3331 1297 3413 quodam

146 3441 243 3506 modo
269 3439 558 3522 perturbationibus
583 3439 707 3524 agitari.
741 3439 846 3503 Verba
869 3457 1004 3521 namque
1030 3438 1097 3503 eius
1123 3439 1160 3502 de
1184 3439 1243 3503 hae
1266 3459 1298 3503 re

148 3548 212 3612 ista
246 3550 334 3611 sunt:
367 3547 421 3610 ‘En
449 3547 509 3612 hoe
536 3548 635 3612 ferme
659 3547 846 3610 daemonum
871 3565 1011 3622 numero,
1039 3545 1154 3628 inquit,
1186 3549 1298 3628 poetae

240 3800 274 3853 27
295 3797 394 3852 dedeo
415 3801 487 3854 Socr.
507 3817 533 3870 p.
555 3802 596 3866 15,
619 3802 650 3854 13
670 3799 768 3854 Goldb.

185 3943 197 3993 1
229 3939 303 4010 illos]
323 3939 390 3994 alios
409 3959 443 3995 m.
464 3941 533 3994 2a'ra
552 3957 640 3995 roae
730 3943 746 3994 2
775 3937 1298 4020 altequeGab¹51atequablpqsa

143 4055 248 4124 ΗΜ·
265 4055 375 4125 lateque
395 4055 558 4126 disiungunt
575 4075 609 4110 m.
630 4057 699 4110 2ira
717 4073 773 4110 ras.
794 4074 807 4110 e
861 4057 877 4110 3
898 4013 1096 4110 ddllarentiatl
1167 4053 1200 4106 de
1220 4069 1298 4107 om.s

144 4146 161 4198 5
180 4145 291 4200 Platon.
311 4145 534 4216 philosophorum
554 4162 568 4199 e
647 4147 663 4199 8
684 4146 748 4199 deos
769 4147 778 4200 l
859 4147 875 4198 9
896 4143 1044 4199 credidite
1125 4144 1157 4197 10
1175 4144 1217 4212 ut]
1239 4147 1298 4196 ata

146 4233 181 4287 13
200 4233 407 4288 rationabilias
500 4236 531 4288 19
551 4233 692 4295 disputans
713 4235 723 4288 l
812 4235 844 4287 al
866 4236 888 4286 si
908 4249 991 4288 oras
1089 4232 1154 4285 boni
1174 4235 1298 4286 essontu

143 4326 179 4379 23
201 4323 372 4393 minutam..
393 4324 422 4376 ira
441 4340 526 4393 marp.
546 4324 559 4376 l
577 4323 717 4389 munitam,
739 4321 762 4374 (l
822 4323 856 4376 24
875 4321 1082 4376 inrationalibus
1103 4321 1113 4374 l
1186 4319 1264 4374 edere
1286 4338 1299 4374 e
