3072 4930
252 447 317 510 228
597 441 624 499 S.
651 441 808 496 Aurelii
834 441 1050 512 Augustini

254 657 361 702 remus
385 637 554 719 praecipue
576 639 706 719 propter
724 635 926 712 uocabulum,
952 635 1035 718 quod
1055 655 1116 700 non
1135 635 1166 700 in
1185 655 1219 700 re
1238 655 1313 702 uera
1331 655 1397 702 con-

254 743 361 808 sueuit
383 743 536 827 intellegi.
571 739 663 821 Quod
686 760 762 806 uero
786 744 881 826 neget
905 741 1046 806 ordinem
1071 743 1213 807 omnium
1238 761 1398 808 causarum

253 868 324 916 esse
349 849 562 915 certissimum
588 853 620 914 et
642 848 702 912 Dei
725 847 953 931 praescientiae
982 847 1196 926 notissimum,
1229 848 1304 933 plus
1331 867 1400 913 enm

255 977 349 1041 quam
374 956 475 1022 Stoici
499 955 704 1021 detestamur.
749 954 816 1019 dut
840 955 923 1018 enim
954 973 1024 1019 esse
1048 955 1150 1020 Deum
1180 959 1286 1040 negat,
1320 956 1401 1038 quod

185 1111 187 1116 -
253 1063 381 1148 quidem
414 1063 545 1127 inducta
577 1061 709 1125 alteriue
732 1079 867 1143 persona
894 1061 925 1124 in
956 1061 1046 1126 libris
1071 1061 1110 1125 de
1133 1061 1265 1126 deorum
1294 1066 1402 1128 natura
1430 1086 1443 1125 ε

252 1171 355 1236 iacere
379 1168 512 1234 molitus
537 1170 599 1242 est;
626 1170 681 1232 aut
704 1166 732 1230 si
757 1185 828 1232 esse
851 1167 1020 1232 confitetur
1042 1167 1156 1242 Deum,
1192 1186 1286 1249 quem
1311 1171 1404 1252 negat

253 1274 432 1360 praescium
454 1273 647 1351 futurorum,
672 1272 768 1338 etiam
794 1273 840 1337 sic
865 1273 944 1337 nihil
968 1272 1046 1337 dicit
1070 1272 1168 1351 aliud,
1202 1293 1297 1356 qnam
1322 1274 1401 1357 qnod

253 1379 435 1447 illedixit
456 1380 661 1464 insipiens
685 1379 723 1444 in
749 1379 869 1444 corde
893 1398 979 1445 suo:
1004 1379 1088 1444 Non
1112 1385 1177 1445 est
1199 1381 1319 1447 Dens.
1345 1380 1403 1460 Qui

255 1489 339 1554 enim
363 1507 422 1552 non
448 1489 497 1551 est
526 1486 690 1569 praescius
719 1485 860 1550 omnium
892 1485 1084 1563 futurorum,
1118 1505 1178 1552 non
1213 1491 1263 1551 cst
1294 1488 1404 1570 utique

254 1596 352 1661 Deus.
378 1593 576 1675 Quapropter
599 1596 631 1656 et
653 1593 837 1657 uoluntates
861 1594 988 1656 nostrae
1011 1595 1136 1656 tantum
1160 1593 1280 1670 ualent,
1310 1611 1403 1676 quan·
1422 1619 1445 1660 ιο

253 1709 322 1768 tum
341 1701 429 1766 Deus
450 1719 502 1764 eas
526 1699 632 1764 ualere
656 1699 762 1764 uoluit
785 1698 887 1782 adque
906 1700 1091 1782 praescinit;
1112 1704 1144 1763 et
1162 1700 1233 1766 ideo
1253 1699 1405 1783 quidquid

254 1810 371 1886 ualent,
398 1806 574 1872 certissime
598 1805 715 1884 ualent,
740 1806 772 1869 et
791 1804 875 1886 quod
898 1805 1039 1870 iacturae
1063 1811 1148 1885 sunt,
1171 1807 1261 1890 ipsae
1280 1807 1405 1872 omnino

254 1917 396 1982 iacturae
421 1915 505 1989 sunt,
541 1913 615 1995 quia
642 1912 797 1977 ualituras
832 1911 934 1994 adque
966 1911 1105 1977 iacturas
1137 1911 1193 1977 ille
1223 1914 1406 1995 praescierit,

255 2023 346 2088 cuius
370 2019 578 2106 praescientia
605 2017 674 2083 ialli
702 2038 763 2083 non
791 2021 909 2101 potest.
956 2017 1157 2102 Quapropter
1184 2019 1212 2083 si
1240 2020 1322 2084 milri
1351 2021 1406 2086 isti

255 2147 370 2194 nomen
394 2125 489 2190 alicui
513 2125 558 2189 rei
583 2124 797 2190 adhibendum
826 2124 976 2207 placeret,
1009 2125 1112 2210 magis
1137 2124 1275 2190 dicerem
1305 2126 1406 2190 fatum
1425 2152 1448 2191 c

255 2253 325 2300 esse
344 2231 524 2297 infirmioris
543 2230 731 2314 potentioris
750 2231 962 2307 uoluntatem,
986 2231 1039 2313 qui
1060 2250 1132 2296 eum
1152 2231 1248 2296 habet
1266 2231 1298 2295 in
1317 2236 1405 2314 potc-

255 2343 349 2419 state,
373 2357 468 2421 qrram
491 2337 546 2402 illo
572 2355 739 2401 cansarum
763 2336 881 2415 ordine,
907 2356 1001 2419 quem
1024 2355 1084 2402 non
1115 2337 1234 2402 usitato
1266 2338 1323 2402 sed
1347 2358 1405 2404 sno

255 2465 342 2511 more
380 2444 480 2511 Stoici
516 2445 618 2509 iatum
653 2444 823 2526 appellant,
862 2444 1026 2509 arbitrium
1065 2448 1190 2510 nostrae
1227 2445 1405 2509 uoluntatis

258 2552 381 2620 auferri.

729 2673 865 2739 CAPUT
888 2674 928 2740 X.
1422 2703 1445 2741 ro

324 2818 378 2883 An
402 2816 696 2882 uoluntatibus
719 2816 922 2881 hominum
946 2816 1085 2900 aliqua
1108 2816 1343 2882 dominetur

705 2923 950 2988 necessitas.

301 3065 390 3132 Unde
415 3085 471 3132 nec
495 3065 552 3129 illa
573 3065 748 3130 necessitas
771 3063 970 3130 formidanda
998 3068 1057 3142 est,
1089 3083 1183 3148 quam
1205 3064 1407 3130 formidando

256 3172 356 3238 Stoici
377 3173 602 3238 laborauerunt
624 3190 737 3236 causas
759 3191 865 3236 rerum
890 3169 1085 3256 distinguere
1109 3173 1165 3248 ita,
1188 3174 1226 3235 ut
1249 3171 1408 3254 quasdam

255 3279 478 3344 subtraherent
510 3277 703 3353 necessitati,
738 3277 891 3361 quasdam
925 3277 1107 3356 subderent,
1141 3277 1241 3359 adque
1276 3277 1309 3342 in
1345 3278 1408 3359 his,
1426 3295 1450 3338 re

256 3403 334 3468 quas
360 3403 429 3450 esse
453 3384 512 3449 sub
537 3385 727 3449 necessitate
750 3386 931 3462 uoluerunt,
962 3387 1138 3465 posuerunt
1159 3385 1255 3449 etiam
1279 3389 1409 3450 nostras

256 3491 448 3568 uoluntates,
472 3509 511 3555 ne
534 3491 686 3556 uidelicet
708 3509 769 3556 non
793 3494 901 3556 essent
922 3491 1051 3566 liberae,
1077 3492 1104 3556 si
1124 3491 1337 3557 subderentur
1356 3511 1408 3557 ne-

347 3681 427 3734 ees.
448 3681 490 3748 re,
511 3682 523 3733 1

293 3803 547 3858 lconsuebitLd
615 3804 910 3858 8et..notissimnm
930 3820 981 3858 om.
1001 3804 1036 3856 Α1
1098 3806 1194 3858 desse
1213 3803 1293 3858 deum
1313 3806 1412 3870 cedde

257 3893 345 3948 Deum
365 3909 453 3947 essee
509 3891 612 3946 idicit
629 3892 729 3946 nihilo
786 3893 817 3946 13
838 3893 975 3946 ualeturas
992 3892 1025 3945 0¹
1081 3891 1315 3947 rescribendum
1326 3935 1410 3952 .....
1522 3897 1523 3904 ’

255 3983 290 4051 inl
311 3981 337 4036 L
356 3999 391 4036 nr.
410 3987 425 4034 1
448 3983 480 4035 ire
501 3981 583 4048 inser.
607 3983 747 4052 marytre&
768 3981 834 4035 inde
851 3982 964 4050 sactum
988 3989 1026 4036 cst
1047 3989 1079 4036 ut
1097 3983 1164 4036 bueo
1181 3981 1266 4036 uerba
1286 3982 1319 4036 in
1339 4001 1411 4054 apo-

254 4071 361 4141 prapbo
379 4073 403 4124 A
422 4071 494 4124 maie
518 4073 705 4126 immerenter
726 4089 750 4126 c.
769 4075 805 4126 13
826 4077 891 4125 autc
916 4071 992 4140 quie;
1018 4072 1179 4125 correctoris
1202 4070 1300 4125 Made
1318 4089 1414 4128 manu
1522 4143 1523 4148 ἵ

256 4159 366 4212 lincolie
384 4157 474 4213 deleta
493 4165 518 4212 et
535 4159 568 4212 ia
584 4160 710 4229 marpiue
727 4160 860 4228 inferiore
877 4160 983 4228 scriptu
1001 4165 1066 4214 eunt
1083 4165 1181 4213 notato
1200 4159 1259 4214 loco
1278 4160 1330 4214 ubi
1351 4163 1414 4216 aiat
1522 4157 1523 4226 l

255 4245 404 4300 imercndu
461 4248 492 4300 17
511 4248 711 4317 usitatopiusto
727 4247 749 4302 e¹
806 4249 938 4302 eelauor.
954 4247 1011 4301 Lrl
1085 4246 1251 4318 distinguere
1266 4247 1414 4314 icaLnu

256 4336 288 4388 tc
306 4333 332 4388 L
351 4351 385 4388 m.
404 4337 424 4388 2
443 4336 623 4404 transpositio
642 4342 744 4391 notatu
762 4342 815 4404 eet;
832 4337 873 4391 ita
893 4337 955 4392 dist.
977 4337 1075 4391 Urelt
1094 4353 1110 4390 o
1200 4337 1234 4391 27
1258 4335 1363 4392 liuerse
1387 4339 1413 4392 L
