3136 4934
629 394 655 447 S.
683 392 839 446 Aurelii
867 391 1085 463 Augustini

721 589 858 656 CAPUT
882 589 996 654 XXVI.

332 732 444 812 Quod
469 733 596 796 omnis
620 733 773 816 religio
797 751 1043 816 paganorum
1069 732 1184 796 oiroa
1205 732 1390 798 homines

571 844 756 905 mortuos
781 841 912 904 luerit
934 840 1146 924 inplicata.

334 983 413 1048 Saue
453 982 681 1048 aduertendum
716 985 775 1061 est,
815 1001 876 1064 quo
914 981 1008 1046 modo
1045 983 1106 1046 iste
1139 981 1327 1066 Aegyptius,
1360 1001 1428 1046 oum

286 1091 406 1155 doleret
419 1093 546 1173 tempus
561 1109 631 1156 esse
646 1093 827 1162 uenturum,
844 1109 907 1172 quo
928 1089 985 1152 illa
1004 1090 1200 1154 auferrentur
1222 1109 1258 1153 ex
1271 1090 1427 1174 Aegypto,
1456 1111 1467 1150 ⁵

288 1216 368 1279 quae
400 1197 517 1261 fatetur
546 1217 563 1261 a
590 1196 729 1260 multum
764 1197 941 1260 errantibus
975 1199 1007 1260 et
1038 1195 1210 1260 incredulis
1245 1201 1277 1261 et
1300 1215 1318 1260 a
1343 1195 1428 1260 cultu

287 1303 412 1368 diuinae
427 1303 590 1388 religionis
610 1305 733 1368 auersis
752 1323 822 1368 esee
840 1304 999 1382 instituta,
1025 1303 1069 1368 ait
1087 1303 1168 1368 iuter
1187 1308 1303 1368 oetera:
1333 1305 1428 1368 ‘Tune

286 1414 370 1474 terra
401 1410 473 1488 ista,
508 1410 710 1476 sanctissima
743 1411 835 1474 sedes
861 1409 1065 1474 delubrorum
1098 1409 1200 1492 adque
1228 1410 1428 1492 templorum.

287 1519 504 1600 sepulcrorum
539 1517 598 1581 erit
629 1520 894 1598 mortuorumque
925 1516 1134 1600 plenissima';
1176 1517 1266 1599 quasi
1290 1535 1375 1596 uero,
1404 1515 1428 1578 si

286 1624 342 1688 illa
365 1643 426 1688 nou
450 1623 655 1699 auferrentur,
689 1643 750 1688 uon
780 1627 887 1688 essent
914 1624 1058 1688 homines
1088 1623 1244 1700 morituri,
1278 1626 1334 1687 aut
1357 1623 1428 1686 alibi
1445 1644 1468 1685 ro

289 1735 395 1795 esseut
417 1730 534 1794 mortui
557 1729 693 1811 ponendi
718 1750 812 1813 quam
836 1732 868 1794 iu
892 1733 989 1806 terra3
1020 1733 1052 1794 et
1077 1729 1195 1812 utique,
1220 1733 1336 1812 quanto
1360 1729 1428 1813 plus

288 1837 472 1900 uolueretur
502 1835 655 1920 temporis
685 1841 717 1901 et
747 1837 879 1914 dierum,
913 1840 1002 1902 tanto
1037 1837 1138 1902 maior
1167 1841 1254 1902 esset
1281 1855 1428 1902 uumerus

289 1943 506 2025 sepulcrorum
530 1946 657 2027 propter
680 1943 830 2008 maiorem
855 1963 1022 2008 numerum
1045 1947 1254 2008 mortuorum.
1289 1942 1351 2009 Sed
1373 1944 1429 2006 hoo
1538 1951 1539 1958 ’

288 2049 416 2113 uidetur
440 2049 554 2130 dolere,
589 2048 672 2132 quod
701 2050 871 2116 memoriae
898 2055 1072 2133 martyr-nm
1100 2053 1281 2116 nostrorum
1305 2049 1428 2131 templis
1538 2095 1539 2120 2

290 2175 397 2221 eorum
423 2156 624 2239 delubrisque
648 2157 861 2224 succederent.
896 2161 933 2220 ut
956 2157 1116 2233 uidelicet,
1141 2157 1195 2238 qui
1223 2157 1301 2221 haee
1324 2156 1429 2241 legunt
1445 2178 1467 2218 a
1538 2183 1539 2190 ¹

290 2263 393 2328 auimo
413 2283 431 2327 a
449 2263 540 2328 nobis
564 2281 676 2328 auerso
701 2263 802 2345 adque
825 2283 985 2346 peruerse,
1009 2265 1124 2345 putent
1142 2283 1159 2327 a
1177 2264 1310 2347 paganis
1330 2265 1428 2327 oultos
1538 2263 1539 2302 ἶ

289 2370 389 2434 fuisse
413 2370 489 2436 deos
512 2371 543 2434 iu
568 2371 708 2451 templis,
733 2390 751 2434 a
775 2371 866 2434 nobis
891 2374 997 2435 autem
1022 2371 1084 2435 ooli
1108 2374 1251 2435 mortuos
1274 2370 1305 2434 in
1330 2368 1428 2452 sepul-

291 2477 361 2542 eris.
404 2477 503 2540 Tanta
531 2477 613 2540 euim
641 2477 785 2541 homines
814 2477 891 2558 inpii
916 2477 1068 2541 caecitate
1096 2477 1127 2540 iu
1150 2480 1275 2540 montes
1299 2476 1428 2558 quodam
1538 2479 1539 2512 ³

290 2584 384 2648 modo
408 2584 571 2648 offendunt
597 2602 710 2666 resque
743 2584 852 2648 oeulos
887 2603 961 2648 suos
990 2583 1139 2648 ferientes
1171 2583 1286 2648 nolunt
1317 2583 1428 2655 uidere
1538 2579 1539 2598 *

252 2689 255 2692 ’
290 2693 328 2754 ut
350 2710 410 2755 nou
434 2689 603 2754 adtendant
626 2691 657 2754 in
683 2689 828 2755 omuibus
847 2691 962 2756 litteris
983 2711 1174 2776 paganorum
1195 2695 1251 2755 aut
1269 2709 1330 2756 uon
1348 2691 1428 2754 inue-
1444 2711 1466 2749 so
1538 2683 1539 2752 ἲ

290 2797 349 2860 uiri
374 2800 429 2861 ant
447 2797 500 2861 uir
515 2797 649 2861 inueniri
669 2796 754 2874 deos,
781 2798 835 2880 qui
859 2817 919 2862 oon
940 2799 1083 2862 homines
1102 2799 1220 2862 fuerint
1239 2797 1428 2878 mortuisque
1538 2835 1539 2864 5

291 2904 391 2968 diuini
415 2904 547 2970 honores
572 2904 668 2967 delati
688 2905 761 2969 siut.
786 2903 919 2986 Omitto,
944 2905 1029 2987 quod
1048 2905 1146 2969 Varro
1166 2905 1244 2970 dicit
1268 2923 1373 2970 omues
1392 2903 1426 2965 ab

292 3011 337 3074 eis
371 3013 513 3075 mortuos
546 3011 718 3074 existimari
750 3029 857 3074 manes
883 3011 957 3076 deos
991 3016 1022 3076 et
1053 3011 1167 3094 probat
1197 3028 1427 3095 pereamus,

293 3135 372 3199 quae
396 3117 543 3180 omnibus
567 3117 631 3180 lere
653 3117 788 3182 mortuis
814 3117 1008 3197 exhibentur,
1041 3118 1097 3182 ubi
1126 3119 1158 3182 et
1183 3117 1276 3183 ludos
1302 3133 1427 3182 comme·
1538 3105 1539 3190 J

293 3225 396 3286 morat
417 3223 576 3301 funebres,
609 3227 771 3305 tamquam
804 3225 863 3288 boo
892 3226 934 3288 sit
961 3225 1133 3288 maximum
1158 3223 1334 3289 diuinitatis
1355 3220 1466 3286 iudi-us

293 3330 388 3406 oium,
413 3330 497 3410 quod
520 3350 579 3394 non
605 3331 728 3394 soleant
750 3331 816 3395 ludi
844 3331 904 3395 nisi
929 3331 1113 3395 numinibus
1138 3331 1299 3395 celebrari.
1538 3321 1539 3414 ζ

340 3436 474 3500 Hermes
505 3437 584 3518 ipse,
619 3437 657 3500 de
685 3456 746 3518 quo
780 3457 862 3501 nrrno
896 3439 1011 3521 agitur,
1043 3437 1076 3502 iu
1109 3437 1222 3501 eodem
1249 3437 1318 3520 ipso
1343 3436 1428 3506 libro,

294 3542 348 3606 ubi
382 3543 472 3623 quasi
504 3543 612 3607 futura
644 3545 889 3626 praenuntiando
924 3545 1089 3627 deplorans
1123 3545 1181 3609 ait:
1225 3545 1321 3608 ‘Tune
1353 3545 1430 3606 terra
1538 3545 1539 3620 ζ

384 3752 399 3804 7
418 3751 498 3822 Apul.
517 3751 589 3808 Asel.
609 3769 634 3822 p.
654 3753 697 3815 47,
718 3755 734 3807 5

330 3877 346 3930 3
364 3877 510 3946 implacata
532 3875 567 3942 0;
584 3875 699 3945 implete
713 3893 785 3944 pqo
841 3879 857 3931 5
877 3877 1032 3930 auferentur
1050 3877 1107 3931 ele
1146 3959 1152 3971 ⁶
1178 3893 1210 3930 ex
1229 3876 1343 3945 Aegypt.
1357 3887 1429 3928 onas

295 4003 399 4070 dquae
418 4001 521 4055 fatetur
539 4017 572 4054 m.
593 4001 660 4054 2in
678 4017 768 4058 rese
825 4003 856 4055 14
876 3977 1119 4071 doloremmeum.
1135 3977 1261 4064 diceres
1329 3999 1427 4052 nostro-

295 4107 353 4142 rum
372 4090 539 4158 sopitat]
593 4091 624 4146 16
643 4106 788 4160 praeuerso
806 4091 839 4144 0¹
912 4091 977 4144 deos
996 4091 1084 4144 cultos
1103 4091 1214 4144 iuieseo
1270 4090 1302 4144 18
1318 4091 1429 4142 mantea

295 4213 329 4267 22
349 4218 443 4268 eunte
511 4215 545 4270 23
565 4215 750 4269 existimares
804 4217 839 4270 24
858 4191 1039 4278 omnibusne
1057 4232 1142 4285 morp.
1160 4191 1338 4281 bominib;.e
1404 4213 1428 4262 et

296 4317 379 4357 onae
433 4304 466 4355 27
486 4303 618 4357 Ermesd
688 4304 747 4373 ipso
767 4303 895 4358 eodemo
949 4305 983 4358 28
1003 4303 1222 4360 denuntiandus
