3108 4926
288 412 353 475 362
635 409 662 466 S.
689 407 846 464 Aurelii
873 409 1091 479 Augustini

287 621 402 686 magno
418 602 562 666 antistite
577 621 738 667 sacromm
752 601 982 687 Aegyptiorum
998 603 1134 685 quodam
1149 603 1253 669 Leone
1268 605 1430 687 patefacta,

288 709 344 773 ubi
377 727 437 774 uon
466 709 563 774 Picus
592 712 623 775 ct
650 709 778 777 Faunus
809 712 841 774 et
868 711 991 774 Aeneas
1020 712 1053 776 εὴ
1074 709 1231 775 Romulus
1260 711 1314 775 uel
1341 711 1430 776 etiam
1532 691 1533 698 ἵ

287 815 443 880 Hercules
468 818 500 880 et
522 815 734 898 Aesculapius
759 819 791 882 et
812 816 908 882 Liber
926 815 1052 882 Semela
1074 819 1167 882 natus
1191 819 1224 882 ct
1241 817 1430 902 Tyndaridae

287 923 400 989 fratres
434 925 465 987 et
498 923 525 986 si
558 941 637 1014 quos
671 923 751 988 alios
785 941 821 988 er
849 921 1036 987 mortalibus
1058 941 1115 1004 pro
1145 923 1194 988 dis
1223 923 1351 1002 habant,
1379 923 1430 988 sed

287 1029 350 1112 ipsi
378 1029 474 1094 etiam
503 1029 658 1094 maiorum
687 1029 827 1113 gentium
862 1028 905 1108 di,
935 1048 1015 1112 quos
1044 1028 1153 1094 Cicero
1186 1030 1218 1094 in
1247 1029 1430 1095 Tusculanis
1456 1053 1466 1092 s

287 1133 394 1200 tacitis
422 1135 602 1200 nominibus
630 1135 759 1202 uidetur
781 1136 954 1221 adtingere,
978 1137 1131 1218 Iuppiter,
1155 1137 1246 1213 Iuno,
1271 1137 1430 1214 Saturnus,

288 1241 462 1321 Vulcanus,
477 1241 578 1308 Vesta
601 1247 633 1308 et
656 1243 710 1308 alii
729 1242 868 1326 plurimi,
890 1261 969 1325 quos
988 1241 1087 1307 Varro
1112 1247 1244 1308 conatur
1267 1243 1306 1308 ad
1328 1242 1431 1307 muudi

287 1352 394 1431 partes
432 1349 500 1414 siue
537 1351 692 1415 elementa
728 1350 907 1427 transferre,
941 1349 1085 1414 homines
1117 1349 1218 1414 fuisse
1250 1348 1429 1432 produntur.

288 1455 415 1521 Timone
445 1457 528 1522 euim
557 1461 588 1522 et
614 1457 670 1523 ille
699 1457 790 1540 qnasi
817 1458 961 1522 reuelato
983 1455 1133 1540 mysteria
1154 1460 1267 1538 petens
1291 1455 1431 1521 admonet

288 1561 511 1642 Alexandmm,
530 1567 576 1638 ut,
597 1583 669 1629 oum
694 1583 727 1629 ea
753 1565 846 1630 matri
866 1565 1043 1647 conscripta
1061 1563 1281 1643 insinuauerit
1300 1562 1430 1628 flammis
1445 1579 1465 1616 a

287 1668 397 1734 iubeat
416 1669 632 1757 concremari.)
652 1671 722 1736 Non
743 1672 848 1736 solum
868 1689 942 1756 ergo
962 1671 1034 1748 ista,
1052 1689 1131 1754 quae
1151 1669 1231 1736 duae
1246 1669 1429 1754 theologiae,

286 1775 433 1842 fabulosa
457 1777 597 1842 continet
621 1781 653 1842 et
677 1776 794 1856 ciuilis,
817 1777 991 1842 Platonicis
1014 1776 1215 1860 philosophis
1240 1777 1362 1856 cedant,
1380 1773 1429 1857 qui

286 1900 400 1946 uerum
424 1883 525 1948 Deum
551 1887 583 1948 et
604 1901 708 1948 rerum
732 1887 894 1948 auctorem
919 1885 951 1949 et
973 1882 1119 1948 ueritatis
1143 1883 1379 1948 inlustratorem
1401 1885 1430 1945 et

287 1987 495 2055 beatitudinis
508 1991 690 2075 largitorem
706 2009 775 2056 esse
791 1991 947 2066 dixerunt;
965 1989 1021 2055 sed
1035 1989 1089 2054 alii
1105 2008 1230 2073 quoque
1244 1987 1429 2073 philosophi,

288 2095 342 2179 qui
358 2095 532 2180 corporalia
549 2099 679 2161 naturae
699 2097 854 2178 principia
873 2095 994 2179 corpori
1010 2094 1126 2160 deditis
1141 2093 1303 2160 mentibus
1318 2093 1428 2176 opinati
1443 2115 1463 2152 n

289 2207 372 2282 sunt,
402 2202 515 2268 cedant
547 2202 597 2267 his
629 2203 727 2268 tantis
761 2206 792 2267 et
824 2202 904 2268 tanti
936 2201 996 2267 Dei
1029 2201 1246 2286 cognitoribus
1279 2200 1367 2281 uiris,
1396 2201 1428 2263 ut

288 2309 405 2375 Thales
427 2310 459 2373 in
483 2328 603 2388 umora,
623 2310 832 2374 Anaximenes
855 2309 887 2373 in
906 2328 986 2386 aere,
1007 2309 1107 2374 Stoici
1126 2309 1157 2373 in
1176 2308 1260 2393 igne,
1280 2305 1427 2390 Epicurus

286 2419 319 2481 in
348 2417 473 2497 atomis,
497 2417 557 2481 hoc
586 2419 635 2481 est
663 2415 889 2482 minutissimis
919 2416 1126 2498 corpusculis,
1150 2433 1230 2499 quae
1254 2433 1312 2479 uec
1335 2411 1427 2478 diuidi

288 2542 346 2588 neo
375 2523 484 2588 sentiri
513 2527 642 2607 queunt,
668 2527 700 2588 et
728 2522 919 2607 quicumque
948 2522 1013 2599 alii,
1037 2541 1172 2605 quornm
1201 2521 1426 2586 enumeratione

286 2629 436 2696 inmorari
463 2649 525 2695 uon
554 2635 604 2694 est
630 2647 770 2706 necesse,
795 2631 864 2694 siue
893 2628 1053 2712 simplicia
1081 2628 1149 2693 siue
1178 2629 1346 2694 coniuncta
1368 2645 1461 2690 cor-eo

286 2754 373 2817 pora,
407 2736 474 2800 siue
506 2736 575 2801 uita
608 2735 746 2800 carentia
777 2734 846 2800 siue
877 2734 1030 2814 uiuentis,
1065 2734 1122 2800 sed
1153 2738 1260 2799 tamen
1294 2751 1423 2816 corpora,

288 2859 417 2907 causam
450 2842 704 2926 principiumque
741 2861 845 2906 rerum
885 2859 954 2906 esse
992 2839 1145 2906 dixerunt.
1192 2839 1275 2906 Nam
1308 2839 1423 2924 quidam

288 2967 396 3014 eorum
425 2969 443 3013 a
469 2949 564 3014 rebus
592 2967 653 3014 non
681 2947 767 3014 uiuis
794 2968 844 3013 res
871 2946 964 3014 uiuas
997 2947 1065 3014 lieri
1096 2967 1192 3031 posse
1226 2946 1424 3022 credidemnt‚

288 3055 373 3119 sicut
394 3055 554 3138 Epicurei;
584 3055 713 3138 quidam
736 3073 811 3119 uero
837 3055 854 3120 a
876 3055 1006 3120 uiuente
1030 3054 1158 3138 quidem
1182 3059 1215 3120 et
1238 3054 1378 3119 uiuentis
1397 3055 1425 3114 et

288 3180 349 3225 uon
373 3161 524 3238 uiuentis,
545 3161 599 3226 sed
623 3165 729 3226 tamen
749 3180 767 3226 a
787 3180 914 3246 corpore
934 3180 1073 3246 corpora.
1097 3159 1182 3227 Nam
1198 3161 1300 3227 Stoici
1318 3162 1422 3245 ignem,
1438 3173 1458 3212 ¹⁵

377 3386 488 3453 51,1s

326 3531 338 3584 1
370 3546 469 3598 magua
495 3547 509 3584 e
606 3530 780 3601 'patefactam
808 3547 822 3584 a
929 3533 945 3586 2
972 3548 1025 3586 non
1055 3531 1140 3584 solum
1168 3547 1183 3584 s
1291 3532 1308 3585 3
1335 3526 1424 3584 semela

292 3619 315 3672 0
323 3619 338 3672 b
350 3619 373 3686 l‚·
391 3619 489 3673 semele
505 3618 717 3689 ep²qo²tfo;
736 3620 820 3674 semel
830 3618 864 3688 p¹
937 3620 1020 3674 semel
1034 3622 1147 3674 uenatus
1161 3619 1195 3686 d‚·
1213 3619 1298 3673 semel
1308 3620 1423 3689 puatuss

287 3706 391 3760 telios
410 3723 469 3775 sap.
490 3707 586 3762 tino
646 3708 845 3761 Smalorums
909 3707 1059 3762 imadia¹
1124 3709 1234 3812 ttlsiue]
1254 3707 1337 3763 uim.
1355 3703 1421 3760 2s'n.

288 3839 377 3878 ram
467 3821 644 3891 Sadmonet]
665 3839 815 3876 ammonem
835 3825 895 3877 ets
986 3824 1016 3878 ll
1046 3823 1173 3878 iubeaO
1279 3823 1333 3878 ista
1349 3831 1422 3874 oum

290 3940 322 3992 12
342 3937 485 3993 credente
559 3939 591 3992 13
611 3904 733 3992 autorem
752 3937 777 3991 e¹
848 3939 960 3994 ueritati
979 3939 1002 3991 e¹
1074 3941 1106 3994 14
1125 3899 1266 4000 sedilium.
1284 3944 1298 3992 t
1314 3955 1347 3992 m.
1364 3930 1424 3998 1,0

289 4027 321 4080 16
340 4027 384 4080 his
403 4041 481 4080 om.s
553 4026 624 4080 ueris
643 4025 666 4080 l²
720 4028 752 4082 17
773 4027 975 4099 enarimlenlei
994 4033 1026 4082 at
1043 4028 1154 4082 uidetur
1172 4045 1205 4084 ea
1224 4019 1423 4082 amaximaenuei

287 4141 412 4206 ecrr.‚0
471 4107 572 4195 ‘erec
635 4142 667 4195 18
687 4142 763 4212 quil
825 4143 857 4196 19
877 4109 974 4197 casilini
994 4143 1129 4211 (ascarii),
1149 4161 1181 4198 ca
1198 4161 1233 4197 aa
1251 4148 1311 4208 2,e
1376 4153 1419 4192 nu·

286 4235 381 4285 marat.
401 4247 431 4298 q;
450 4231 647 4284 enumerationi
666 4231 709 4285 do
781 4233 815 4285 23
835 4248 927 4286 eorum
947 4249 997 4286 om.
1017 4249 1033 4286 e
1107 4249 1138 4286 ex
1156 4233 1245 4298 rebus,
1265 4248 1295 4286 ex
1313 4247 1345 4284 m.
1362 4227 1419 4283 ain

287 4335 386 4384 ras.‚e
440 4319 586 4388 24aaap.
607 4320 687 4374 lin.l
757 4319 785 4392 al
804 4321 936 4390 uiuentes,
956 4320 973 4374 d
992 4327 1061 4376 etm
1080 4319 1203 4386 erasae
