3072 4930
231 415 296 479 242
586 411 613 466 S.
641 409 797 464 Aurelii
825 407 1044 480 Augustini

233 607 294 672 sibi
313 607 474 672 inferendo
494 625 624 688 poenae,
650 605 706 670 sed
729 605 844 670 inlatas
864 605 990 670 ferendo
1011 606 1043 669 et
1061 605 1181 669 uirtute
1200 622 1286 678 uera,
1307 623 1388 686 quo-

232 713 318 777 niam
349 731 425 777 uera
456 711 586 795 pietate,
625 713 657 774 et
689 709 911 774 innumerabili
942 709 1148 774 multitudine
1182 711 1386 791 superarunt.

234 817 296 884 Sed
320 837 391 884 cum
415 818 464 882 illi
487 819 595 882 essent
617 817 649 880 in
669 817 800 882 ciuitate
819 819 952 893 terrena,
977 816 1093 898 quibus
1112 815 1295 900 propositus
1316 817 1388 880 erat

234 926 376 990 omnium
398 943 455 1007 pro
478 925 535 988 illa
559 923 736 989 officiorum
764 923 835 988 finis
863 923 1066 988 incolumitas
1095 923 1164 988 eius
1194 926 1226 988 et
1247 941 1386 1006 regnum

232 1053 294 1098 non
318 1033 350 1097 in
374 1032 472 1110 caelo,
496 1031 606 1096 sedin
630 1035 726 1109 terra3
750 1049 812 1096 non
835 1030 867 1094 in
892 1031 960 1094 uita
984 1033 1119 1107 aeterna,
1144 1029 1201 1095 sed
1224 1031 1256 1095 in
1276 1029 1387 1095 decea—
1419 1054 1433 1094 a

233 1140 321 1205 sione
357 1139 561 1204 morientium
597 1141 630 1203 et
667 1138 868 1203 successione
905 1136 1144 1201 moriturorum:
1184 1137 1261 1219 quid
1295 1136 1386 1200 alind

233 1249 373 1310 amarent
393 1264 484 1328 quam
507 1245 651 1329 gloriam,
676 1263 737 1326 qua
759 1242 911 1307 uolebant
934 1242 1028 1306 etiam
1052 1245 1280 1325 postmortem
1304 1245 1387 1306 tam-

234 1371 329 1435 quam
352 1353 461 1417 uiuere
485 1351 516 1415 in
541 1369 593 1416 ore
616 1349 835 1414 laudantium?

694 1543 831 1610 CAPUT
854 1543 923 1608 XV.

280 1685 333 1751 De
356 1683 526 1750 mercede
550 1684 759 1767 temporali,
785 1703 893 1767 quam
912 1684 1012 1750 Deua
1036 1684 1205 1750 reddidit
1227 1686 1338 1752 bonis
1406 1714 1432 1750 ιο

585 1789 753 1855 moribus
778 1789 1035 1856 Romanorum.

280 1933 404 2014 Quibus
429 1953 502 2018 ergo
527 1952 587 1998 non
621 1936 688 1998 eret
716 1933 847 1997 daturus
877 1932 963 1997 Deua
991 1933 1092 1998 uitam
1121 1937 1281 1999 cebennam
1309 1953 1384 2000 cum

236 2041 354 2106 sanctia
381 2040 501 2124 angelis
526 2040 593 2105 auis
621 2040 654 2104 in
683 2058 741 2105 aua
769 2039 900 2104 ciuitate
929 2039 1069 2110 caelesti,
1103 2040 1142 2104 ad
1166 2041 1258 2107 cuius
1283 2043 1384 2108 aoeie-

234 2152 332 2213 tatem
356 2147 459 2230 pietas
483 2167 558 2211 uera
581 2146 735 2230 perducit,
760 2166 839 2230 quae
863 2167 924 2211 non
949 2146 1074 2210 exhibet
1097 2146 1288 2212 seruitutem
1310 2147 1385 2213 reli-

236 2253 349 2337 gionis,
383 2271 479 2335 quam
506 2253 644 2337 λατρείαν
670 2253 783 2319 Graeci
814 2255 940 2331 uocant,
972 2254 1033 2318 nisi
1061 2255 1117 2318 uni
1146 2273 1222 2319 uero
1246 2255 1325 2333 Deo,
1355 2255 1384 2319 si
1405 2281 1430 2320 ιε

235 2378 336 2442 neque
358 2359 438 2424 hanc
462 2359 507 2423 eis
531 2361 686 2424 terrenam
711 2360 844 2442 gloriam
868 2359 1126 2424 excellentissimi
1158 2361 1282 2444 imperii
1311 2381 1385 2426 oon-

236 2464 374 2530 cederet:
408 2484 469 2530 non
502 2466 686 2531 redderetur
717 2485 837 2532 merces
865 2467 958 2532 bonis
987 2468 1109 2532 artibus
1133 2487 1253 2542 eorum,
1276 2467 1311 2531 id
1334 2472 1386 2532 est

235 2573 422 2649 uirtutibus,
457 2573 573 2655 quibus
607 2572 646 2637 ad
678 2575 800 2638 tantam
834 2572 967 2657 gloriam
999 2573 1162 2656 peruenire
1190 2573 1385 2638 nitebantur.

237 2678 284 2742 De
307 2678 425 2743 talibus
449 2679 543 2757 enim,
568 2679 622 2761 qui
645 2683 773 2764 propter
790 2682 850 2745 hoc
869 2680 944 2745 boui
963 2679 1082 2763 aliquid
1101 2680 1204 2745 facere
1223 2679 1385 2757 uidentur,

236 2786 274 2848 ut
302 2783 519 2867 glorificentur
547 2784 585 2848 ab
618 2785 811 2861 hominibus,
846 2785 941 2850 ctiam
972 2784 1129 2850 Dominus
1162 2785 1221 2849 ait:
1267 2785 1384 2850 Amen
1404 2815 1432 2854 so

238 2890 323 2955 dico
353 2890 472 2968 uobis,
506 2893 757 2974 perceperunt
788 2890 995 2956 mercedem
1025 2911 1139 2956 suam.
1186 2891 1239 2957 Sic
1267 2897 1301 2957 et
1328 2893 1386 2957 isti

237 2996 379 3080 priuatas
403 3015 453 3060 res
478 3016 552 3062 suaa
576 3015 631 3079 pro
656 3016 689 3063 re
713 2998 883 3076 communi,
906 2998 966 3063 hoc
986 3001 1035 3062 est
1056 3019 1090 3062 re
1113 2998 1252 3081 publica,
1276 3003 1310 3064 et
1326 3019 1385 3082 pro

238 3103 306 3167 eius
331 3103 449 3168 aerario
474 3107 720 3183 contemserunt,
753 3105 904 3171 auaritiae
927 3107 1121 3184 restiterunt,
1155 3105 1387 3172 consuluerunt

237 3209 357 3292 patriae
391 3210 523 3275 oonsilio
555 3211 667 3288 libero,
699 3231 800 3294 neque
833 3211 950 3276 delicto
982 3211 1158 3276 secundum
1191 3231 1266 3277 suaa
1293 3212 1385 3297 leges

237 3333 339 3398 neque
370 3315 497 3380 libidini
530 3316 670 3394 obnoxii;
707 3317 756 3382 bis
791 3319 936 3383 omnibus
969 3320 1090 3384 artibus
1118 3323 1281 3401 tamquam
1310 3337 1387 3382 uera
1404 3351 1431 3392 η

237 3421 291 3484 uia
313 3422 374 3486 nisi
399 3427 473 3488 aunt
497 3423 535 3486 ad
558 3425 692 3488 honores
715 3425 884 3508 imperium
908 3427 1055 3510 glor·iam;
1084 3425 1229 3490 honorati
1253 3426 1387 3490 suntin

239 3528 383 3594 omnibus
407 3529 471 3594 sere
496 3529 656 3614 gentibus,
690 3531 814 3613 imperii
843 3533 893 3596 sui
920 3535 1007 3616 leges
1035 3532 1245 3615 inposuerunt
1272 3529 1386 3596 multis

326 3789 361 3843 20
380 3789 429 3843 Mt.
449 3789 473 3850 6,
494 3789 510 3842 2

274 3957 351 4029 3illi
369 3973 420 4010 om.
443 3957 476 4010 0ι
548 3923 740 4029 ltamquamC
810 3961 843 4014 10
861 3959 1002 4015 reddetG
1067 3961 1100 4014 12
1119 3960 1198 4031 eralt,
1218 3977 1236 4014 n
1255 3961 1389 4024 αωοβ

239 4043 305 4098 dena
325 4045 415 4100 dato
472 4047 504 4101 la
524 4048 580 4101 suia
598 4052 745 4118 oa1eup.
766 4049 861 4103 1th
931 4050 1005 4104 cidit.
1025 4067 1108 4104 succ
1165 4051 1199 4104 14
1218 4049 1390 4105 exhicbetC

240 4135 273 4186 15
292 4133 391 4188 latrian
411 4151 443 4202 a;
461 4135 569 4189 latriam
588 4135 647 4191 LA
662 4137 734 4192 Cdo
801 4139 836 4192 20
855 4138 989 4192 ominibus
1012 4138 1034 4192 0
1100 4141 1132 4193 21
1152 4133 1315 4209 receperunt
1333 4139 1387 4196 a²e

238 4222 273 4275 22
293 4238 340 4290 pro
360 4239 388 4276 re
408 4223 470 4292 pub.
493 4222 516 4276 0
569 4225 603 4280 23
622 4227 740 4279 acerario
760 4227 794 4288 ἀ,-
812 4227 884 4280 aerio
904 4225 928 4280 οἱ
982 4227 1018 4281 24
1036 4227 1120 4281 liuero
1139 4233 1164 4282 et
1183 4229 1217 4283 25
1236 4227 1386 4284 liuidiniL

239 4311 273 4363 25
294 4310 347 4364 Sed
365 4311 440 4364 hiae
494 4313 528 4366 27
547 4313 913 4386 imperii....gcntibusin
932 4333 1049 4385 morpe
