3108 4926
275 393 339 457 304
600 393 837 466 ι8.,11111111
865 394 1078 463 Augustini

276 605 354 668 quae
388 607 445 651 nee
477 587 596 652 niunnt
632 607 689 652 neo
727 587 878 662 sentiunt,
912 588 1024 653 rnerito
1062 589 1292 671 praeferuntur.
1339 591 1423 654 Inter

277 693 412 758 selectos
440 694 547 777 itaque
576 695 651 760 deos
672 695 842 760 Vitumnus
870 694 1050 762 uiuificator
1074 699 1106 759 et
1129 693 1279 761 Sentibus
1304 694 1421 761 sensifi-

277 802 364 864 oator
390 801 493 884 magis
521 801 630 865 haberi
658 801 835 865 debuerunt
863 819 957 884 quam
985 801 1081 865 lanus
1109 802 1239 866 seminis
1269 803 1423 867 admissor

277 908 309 968 et
333 903 486 991 Satnmus
516 907 646 972 seminis
671 906 761 970 dator
784 906 837 970 uel
861 911 946 970 sator
970 909 1002 970 et
1024 907 1118 972 biber
1142 909 1174 978 et
1195 907 1310 972 libera
1334 907 1422 972 semi·

276 1031 351 1074 num
368 1017 581 1095 commotores¹
594 1015 647 1078 uel
661 1014 845 1090 emissores;
866 1032 945 1094 qnae
961 1013 1083 1077 semina
1100 1014 1239 1096 cogitare
1258 1013 1421 1097 indignum
1450 1039 1460 1076 s

278 1123 336 1195 est,
357 1119 419 1182 uisi
439 1119 478 1182 ad
496 1120 596 1184 uitam
618 1138 810 1202 sensumque
829 1119 1038 1202 peruenerint,
1059 1139 1138 1202 qnae
1158 1139 1286 1184 munera
1307 1121 1424 1185 selecta

278 1243 338 1287 non
373 1224 487 1290 dantur
519 1245 551 1290 a
577 1226 625 1290 dis
659 1226 797 1303 selectio,
827 1225 883 1292 sed
916 1245 934 1288 a
967 1224 1157 1307 quibusdam
1189 1225 1361 1310 incognitis
1394 1229 1424 1290 et

278 1349 352 1413 prae
375 1331 509 1395 istorum
533 1331 688 1417 dignitate
707 1332 871 1417 neglectis.
897 1331 990 1411 Quod
1009 1332 1037 1396 si
1056 1333 1265 1415 respondetur
1284 1331 1422 1398 omnium

278 1436 440 1500 initiorum
468 1441 659 1518 potestatem
686 1438 801 1502 habere
829 1438 940 1502 lanum
969 1441 1000 1502 et
1031 1438 1103 1503 ideo
1132 1439 1180 1503 illi
1212 1439 1309 1502 etiam
1343 1437 1424 1521 qnod

280 1544 419 1626 aperitur
453 1545 618 1627 conceptui
650 1565 712 1610 non
746 1544 890 1609 inmerito
924 1544 1072 1621 adtribui,
1097 1547 1129 1609 et
1161 1545 1300 1609 omnium
1335 1545 1423 1609 serni-
1440 1571 1461 1608 o

281 1669 356 1714 num
389 1649 560 1714 Saturnum
594 1654 626 1714 et
658 1651 728 1716 ideo
762 1651 1002 1716 seminationem
1037 1669 1161 1735 quoqne
1192 1651 1333 1715 hominis
1366 1671 1423 1716 non

280 1775 374 1839 pesse
402 1758 440 1820 ab
469 1756 537 1822 eins
569 1758 749 1841 operatione
773 1757 907 1840 seiungi,
933 1758 1074 1822 omniurn
1098 1757 1255 1822 seminum
1284 1757 1424 1822 emitten-

281 1863 392 1926 dorum
415 1862 564 1928 Liberum
592 1866 624 1928 et
646 1863 791 1928 Liberam
820 1868 851 1928 et
878 1864 948 1928 ideo
972 1864 1021 1929 his
1047 1865 1142 1929 etiam
1165 1883 1323 1948 praeesse
1348 1884 1424 1947 quae

281 1970 320 2033 ad
348 1970 588 2034 substituendos
612 1971 755 2036 homines
779 1969 946 2053 pertinent,
970 1971 1110 2034 omniurn
1135 1971 1372 2054 purgandorum
1395 1973 1424 2034 et

281 2076 501 2163 pariendorum
524 2076 676 2141 lunonem
705 2080 736 2140 et
764 2076 834 2141 ideo
864 2095 933 2140 eam
960 2094 1020 2140 non
1050 2075 1160 2141 deesse
1182 2077 1423 2162 purgationibus
1441 2100 1461 2138 n

282 2183 470 2248 feminarum
499 2187 531 2247 et
558 2184 712 2266 partubus
736 2183 915 2247 hominurn:
945 2188 1096 2264 quaerant
1118 2182 1195 2265 quid
1218 2184 1424 2267 respondeant

283 2290 321 2355 de
343 2290 492 2354 Vitumno
517 2293 549 2354 et
573 2289 714 2368 sentino,
739 2295 843 2354 utrum
868 2293 900 2354 et
921 2290 1009 2374 ipsos
1034 2291 1135 2354 uelint
1153 2291 1268 2355 babere
1289 2291 1424 2356 omnium

284 2415 363 2478 quae
383 2396 500 2460 uiuunt
518 2400 550 2460 et
569 2397 711 2461 sentiunt
729 2399 931 2480 potestatem.
957 2394 1048 2475 Quod
1068 2396 1303 2472 sisenandum,
1323 2397 1425 2462 adten-

284 2503 360 2566 dant
383 2519 477 2584 quam
501 2522 554 2567 eos
580 2503 749 2568 sublimius
772 2503 908 2568 locaturi
932 2504 1005 2568 sint.
1037 2503 1120 2567 Nam
1144 2503 1320 2568 seminibus
1345 2503 1425 2568 nasei

284 2610 314 2674 iu
343 2614 426 2674 terro
455 2612 487 2673 et
515 2628 550 2673 ex
578 2613 661 2674 terra
690 2612 750 2685 est;
785 2591 893 2674 uiuere
922 2612 1027 2674 autem
1048 2609 1157 2700 adque
1187 2610 1302 2676 sentire
1336 2610 1426 2674 otiam
1442 2635 1463 2672 n

285 2716 360 2781 deos
399 2715 537 2782 sidereos
576 2717 753 2798 opinantur.
801 2715 834 2780 si
873 2719 979 2780 autem
1014 2715 1123 2780 dieunt
1145 2716 1298 2782 Vitumuo
1330 2716 1427 2798 adque

286 2822 414 2888 Sentino
444 2823 521 2886 haee
550 2822 618 2887 sola
641 2823 811 2900 adtributa,
836 2842 914 2906 qnae
942 2823 973 2885 in
998 2841 1090 2887 earne
1113 2825 1285 2887 nineseuut
1309 2827 1342 2887 et
1365 2842 1427 2908 sen-

287 2930 375 2995 sibus
407 2929 798 3019 adminionlanlur,nquur
830 2949 902 2994 non.
925 2928 1003 2994 deus
1036 2929 1101 3004 ille,
1131 2930 1183 3011 qni
1217 2930 1295 2994 facit
1327 2929 1428 2996 onmia

285 3036 394 3100 uiuere
422 3035 523 3118 adque
552 3036 678 3114 sentire,
709 3036 802 3100 etiarn
833 3035 917 3100 oarni
946 3035 1046 3100 uitam
1074 3035 1204 3120 praebet
1231 3041 1263 3100 et
1291 3054 1427 3112 sensnm,

285 3141 459 3205 uniuersali
483 3160 575 3224 opere
598 3142 658 3206 hoo
682 3161 798 3206 munus
823 3143 919 3205 etiam
943 3141 1098 3225 partubus
1117 3141 1280 3206 tribuens?
1305 3144 1338 3206 et
1356 3139 1427 3224 quid
1443 3165 1464 3206 a

288 3266 367 3329 opus
392 3249 441 3312 est
464 3247 615 3326 Vitumno
641 3247 743 3330 adque
768 3246 918 3312 Sentino?
948 3245 1039 3326 Quod
1065 3247 1092 3311 si
1115 3247 1153 3312 ab
1176 3247 1243 3324 illo,
1268 3247 1324 3329 qui
1346 3247 1427 3332 uitae

289 3371 324 3416 ae
357 3353 503 3418 sensibus
537 3353 761 3418 uniuersaliter·
792 3353 960 3435 praesidet,
994 3353 1043 3418 his
1080 3353 1170 3436 quasi
1205 3354 1334 3418 famulis
1370 3353 1427 3440 isla

289 3459 426 3560 earnalia
453 3460 544 3523 uelut
573 3464 709 3524 extrema
732 3463 764 3525 et
787 3461 851 3524 ima
875 3460 1045 3524 commissa
1068 3465 1156 3525 sunt:
1181 3461 1265 3524 itane
1289 3461 1364 3548 sunt
1384 3457 1428 3522 illi

306 3737 648 3793 ¹3admissor..senrinis
667 3755 700 3790 m.
721 3741 740 3790 2
758 3737 789 3790 tor
807 3737 924 3805 mount
982 3738 1149 3792 5seminare
1169 3737 1322 3807 cogitares
1390 3735 1425 3788 iu·

291 3826 401 3896 dignum
421 3833 463 3880 est
482 3827 635 3895 cogitares
708 3826 772 3879 8si
791 3842 876 3879 enne
964 3827 1173 3895 responderetur
1189 3841 1205 3931 de
1246 3827 1311 3931 b10
1330 3824 1428 3896 aperiat

291 3947 422 4012 conceptu
439 3943 545 3995 bomini
563 3943 659 3995 merito
679 3959 693 3995 e
784 3943 817 3996 12
837 3947 865 3995 et
884 3942 1003 3996 omnium
1022 3959 1036 3995 e
1116 3944 1149 3997 14
1168 3942 1200 4004 ab
1220 3939 1403 3996 sustituendos
1420 3939 1429 3992 1

290 4032 529 4100 pertinentem.l
622 4033 653 4084 15
672 4031 897 4100 parcendoruml
989 4034 1021 4087 16
1040 4031 1162 4102 partibus
1184 4029 1264 4085 0¹oz
1356 4033 1429 4086 llet
1537 4027 1538 4044 ¹

291 4121 366 4173 om.l
422 4121 455 4173 19
475 4119 664 4174 conlocaturit
736 4121 954 4174 etserninibnse
1008 4121 1250 4175 22uiuisountoe
1304 4121 1429 4174 2letiorn

291 4223 376 4275 resque
394 4209 433 4261 od
451 4225 546 4260 munus
566 4224 616 4264 om.
640 4209 671 4262 0¹
752 4211 786 4264 25
806 4207 929 4278 partibus
951 4208 997 4262 Cb
1009 4207 1177 4277 delpqnlo
1248 4211 1283 4266 26
1303 4209 1336 4280 si]
1355 4207 1405 4262 sibi
1422 4207 1430 4258 l

292 4296 326 4349 27
347 4313 377 4349 ao
400 4296 612 4365 Cobdelpq5
634 4301 661 4351 et
680 4313 694 4351 o
713 4297 811 4352 Domb.
