3136 4928
379 414 430 468 De
459 413 636 468 ciuitate
665 413 727 468 dei
754 414 819 468 lib.
848 414 894 468 XI.
923 431 998 484 cap.
1031 415 1054 469 1.
1220 419 1282 483 511

135 607 283 674 subiecit.
320 607 369 673 Ibi
397 591 697 691 quippo'soriptum
726 610 789 674 est:
824 606 1014 674 Gloriosa
1047 609 1158 673 dicia
1190 613 1284 674 sunt

135 715 179 780 de
213 718 262 792 te,
287 714 438 779 ciuitas
466 713 554 788 Deir
583 718 615 778 et
641 714 673 778 in
704 713 766 780 alio
794 714 916 796 psalmo
950 715 1082 800 legitur:
1115 716 1283 800 Magnus

134 822 328 886 Dominus
353 825 391 886 et
414 820 644 886 laudabilis
664 821 782 886 nimis
800 821 839 885 in
860 821 1028 888 ciuitate
1046 822 1119 888 Dei
1139 823 1283 899 nostri,

134 928 171 992 in
206 931 337 993 monte
371 930 513 992 sancto
549 927 648 1006 eius,
678 927 859 992 dilatans
893 928 1173 994 exultationes
1204 929 1283 994 uni-

103 1054 279 1100 oucrsac
312 1039 460 1110 torrae3
495 1038 527 1098 et
559 1035 654 1117 paulo
687 1039 762 1118 post
792 1035 824 1098 in
855 1034 964 1099 eodem
993 1035 1133 1119 psalmo:
1167 1035 1284 1102 Sicut

134 1141 381 1218 audiuimus,
405 1141 464 1204 ita
492 1145 531 1206 et
557 1141 748 1218 uidimus,
773 1142 810 1204 in
835 1141 1011 1208 ciuitate
1035 1141 1185 1207 domini
1210 1143 1284 1206 uir-

134 1251 278 1326 tutum,
302 1248 340 1312 in
370 1248 548 1313 ciuitate
571 1247 643 1314 Dei
671 1248 816 1324 nostri3
846 1247 955 1314 Deus
984 1249 1177 1314 fundauit
1199 1269 1281 1314 earu

133 1353 172 1418 in
202 1357 425 1432 aeternum3
454 1354 530 1418 item
558 1354 590 1418 in
620 1354 697 1418 alio:
731 1353 947 1419 Fluminis¹
967 1355 1134 1439 inpetus
1167 1355 1282 1420 laeti-

134 1461 240 1525 ficat
276 1461 490 1527 ciuitatem
522 1461 607 1538 Dei,
641 1461 935 1526 sanctificarit
970 1459 1282 1528 tabernaculum

90 1590 115 1628 ιο
135 1585 249 1632 suum
274 1567 536 1644 Altissimus;
560 1568 668 1634 Deus
691 1567 728 1632 in
753 1568 883 1633 modio
907 1568 995 1633 eius
1019 1587 1094 1634 non
1118 1587 1283 1634 commo·

134 1675 310 1740 uehitur.
352 1673 413 1740 His
446 1674 547 1756 adque
580 1674 676 1738 huius
709 1673 794 1738 modi
826 1674 1030 1753 testimoniis,
1064 1693 1145 1756 quae
1178 1673 1283 1739 omnia

133 1799 380 1846 commemorare
416 1781 511 1846 nimia
548 1781 679 1864 longum
717 1785 775 1858 est,
809 1781 979 1846 didicimus
1017 1800 1087 1846 esse
1125 1780 1281 1862 quandam

133 1887 297 1952 ciuitatem
337 1887 406 1965 Dei,
440 1887 531 1952 cuius
566 1887 652 1952 ciues
686 1907 755 1952 esse
788 1888 1044 1972 concupiscimus
1075 1887 1132 1952 illo
1165 1906 1282 1964 amore,

134 2013 230 2075 quem
257 1994 348 2060 nobis
377 1993 464 2060 illius
489 1994 632 2060 conditor
654 1994 832 2078 inspirarit.
870 1995 954 2059 Huic
978 1993 1133 2060 conditori
1156 1997 1282 2058 sanctae

89 2124 114 2164 m
132 2099 276 2165 ciuitatis
301 2099 388 2166 ciues
413 2104 554 2166 terrenae
579 2101 719 2166 ciuitatis
744 2101 819 2166 deos
844 2121 919 2165 suos
938 2101 1120 2182 praeierunt
1139 2100 1282 2184 ignoran-

132 2211 183 2274 tes
213 2227 285 2272 sum
314 2226 385 2272 esse
408 2208 512 2272 Deum
542 2208 683 2283 deorum,
708 2228 769 2272 non
799 2208 929 2272 deorum
957 2207 1121 2283 falsorum,
1145 2207 1205 2272 hoo
1234 2209 1283 2270 est

130 2314 290 2397 inpiorum
314 2317 347 2378 et
370 2315 587 2396 superborum,
617 2315 672 2396 qui
702 2314 771 2379 eius
794 2313 1047 2380 incommutabili
1072 2311 1282 2394 omnibusque

131 2421 294 2486 communi
307 2421 381 2488 luce
399 2421 517 2502 priuati
532 2425 564 2485 et
579 2421 617 2485 ob
636 2423 697 2484 hoc
717 2421 756 2486 ad
775 2420 928 2503 quandam
946 2439 1075 2504 egenam
1090 2423 1281 2502 potestatem

130 2527 253 2592 redacti
291 2547 365 2592 suas
399 2527 535 2609 quodam
567 2527 660 2592 modo
693 2527 835 2610 priuatas
869 2527 1026 2609 potentias
1060 2527 1282 2590 consectantur

84 2635 332 2717 rumoresque
357 2633 480 2698 diuinos
506 2653 523 2698 a
548 2633 689 2716 deceptis
714 2633 851 2698 subditis
875 2636 1041 2716 quaerunt;
1071 2632 1127 2696 sed
1151 2632 1281 2696 deorum

131 2740 259 2822 piorum
293 2739 395 2822 adque
429 2743 620 2818 sanctorum,
650 2739 705 2822 qni
736 2741 844 2824 potius
877 2759 910 2804 se
942 2740 1030 2822 ipsos
1063 2738 1117 2803 uni
1146 2737 1280 2803 subdere

131 2866 228 2928 quam
261 2848 381 2912 multos
414 2845 486 2922 sibi,
518 2847 689 2930 potiusque
721 2846 824 2912 Deum
858 2849 960 2912 coiere
993 2865 1088 2928 quam
1124 2865 1179 2928 pro
1212 2844 1279 2909 Deo

131 2952 195 3017 ccii
224 2953 430 3019 delectantur.
468 2953 530 3020 Sed
558 2953 653 3018 huius
682 2956 809 3018 sanotae
838 2952 978 3017 ciuitatis
1005 2952 1142 3016 inimicis
1171 2951 1280 3016 decem

131 3059 351 3142 superioribus
372 3059 475 3136 libris,
499 3064 652 3143 quantum
676 3061 851 3143 potuimus,
871 3059 998 3124 domino
1022 3062 1055 3123 et
1077 3077 1149 3142 roga
1172 3060 1280 3124 nostro

82 3187 110 3228 rs
129 3165 305 3231 adiuuante
331 3167 565 3250 respondimus.
602 3167 695 3232 Nunc
723 3185 797 3230 nero
827 3165 904 3248 quid
926 3185 945 3229 a
968 3184 1019 3230 me
1046 3165 1109 3230 iam
1139 3167 1280 3246 expecta-

129 3277 184 3337 tur
216 3291 391 3356 agnoscens
424 3275 549 3356 meique
577 3293 638 3339 non
667 3274 821 3338 inmemor
849 3271 948 3336 debiti
976 3272 1014 3336 de
1042 3271 1175 3336 duarum
1203 3269 1280 3335 ciui-

128 3383 246 3457 tatum,
279 3381 419 3446 tcrrenae
456 3380 581 3444 scilicet
617 3383 649 3444 et
686 3379 843 3457 caelestis,
877 3398 955 3461 quas
992 3379 1023 3442 in
1061 3379 1121 3442 hoc
1153 3377 1279 3442 interim

129 3486 260 3552 saecnlo
288 3486 450 3569 perplexas
479 3487 615 3568 quodam
643 3486 737 3552 modo
766 3485 903 3551 diximus
925 3485 1126 3567 iudicemque
1148 3483 1301 3567 perminis

128 3597 191 3669 ωε,
222 3595 331 3656 exortu
364 3595 395 3656 et
428 3611 561 3657 excursu
595 3595 627 3657 et
654 3592 771 3658 debitis
799 3591 927 3670 finibus,
957 3595 1111 3675 quantum
1138 3591 1279 3668 ualuere,

130 3827 135 3834 ·
223 3822 399 3911 ornans
442 3821 723 3891 ,assonare
778 3825 1036 3894 annosam:
1103 3826 1105 3832 '

165 3965 182 4020 3
202 3963 284 4017 nimis
308 3963 459 4032 Vaelpo
471 3969 506 4030 f‚·
525 3963 605 4018 ualde
625 3965 666 4018 bc
745 3965 776 4018 13
797 3964 1010 4035 concupiscimus
1025 3981 1086 4034 pc,·
1106 3965 1279 4035 concupimus

128 4052 201 4117 ab¹;
222 4053 424 4122 concupiuimus
449 4051 553 4106 Vo²et
571 4053 671 4109 Dorrb.
763 4055 796 4106 14
815 4053 872 4106 eius
893 4053 952 4108 bel
1040 4055 1073 4107 16
1097 4053 1180 4107 deoru
1199 4053 1278 4106 doum

126 4143 262 4198 salsume
316 4142 349 4195 21
367 4142 469 4212 adque]
490 4146 520 4195 nt
539 4159 616 4212 quae,
635 4141 700 4196 hino
717 4142 847 4212 incipiit
882 4155 886 4165 ’
918 4143 991 4212 ipsos
1011 4143 1100 4212 picei
1172 4141 1206 4196 23
1226 4142 1278 4196 ocii

127 4229 229 4284 deieci.
250 4231 332 4298 ipio
350 4229 465 4297 Domb.;
484 4229 535 4283 dol.
556 4230 608 4284 ooli
632 4231 733 4284 Vobs
805 4231 839 4284 25
859 4230 1006 4285 adiubante
1030 4231 1064 4285 V¹
1148 4231 1232 4296 etiam
1255 4229 1281 4284 V

128 4321 164 4374 29
184 4319 288 4373 detritis
307 4319 328 4372 t¹
