3072 4928
240 462 303 524 126
585 457 611 514 S.
640 455 795 510 Aurelii
823 453 1040 524 Augustini

236 653 419 730 adfinitatis,
444 651 606 716 societatis
636 651 835 715 diuinitatis?
872 667 953 732 quae
980 651 1141 730 postremo
1170 648 1230 712 snb
1259 650 1310 713 tot
1338 646 1385 712 dis

236 760 397 824 tutoribus
416 758 485 823 uita
504 757 666 822 ciuitatis?
690 757 788 822 Vides
808 761 925 838 quanta
944 755 1017 820 binc
1036 755 1099 820 dici
1119 757 1151 819 et
1170 773 1265 837 quam
1284 755 1387 819 multa

236 871 377 951 possent,
401 865 463 930 uisi
492 883 572 947 quae
596 867 767 946 supersunt
791 865 899 928 nostra
922 865 1047 927 curaret
1070 861 1202 926 intentio
1227 865 1259 924 et
1283 879 1385 925 sermo

236 975 267 1038 in
293 973 355 1038 alia
378 972 552 1038 festinaret.

679 1163 816 1230 CAPUT
840 1165 943 1229 XIIII.
1415 1191 1426 1228 a

236 1309 290 1374 De
323 1307 529 1392 inpietate
561 1305 673 1383 belli,
703 1306 807 1388 qnod
835 1303 1006 1370 Albanis
1040 1303 1205 1368 Romani
1238 1303 1384 1368 intule-

238 1417 340 1492 runt,
375 1418 414 1477 et
446 1413 490 1477 de
523 1411 704 1478 uictoria
741 1411 975 1478 dominandi
1011 1410 1187 1476 libidine
1227 1409 1384 1494 adepta.

283 1552 366 1635 Quid
395 1553 506 1618 deinde
529 1555 603 1636 post
625 1551 764 1617 Numam
788 1552 847 1617 sub
872 1553 942 1618 aliis
965 1553 1116 1637 regibus?
1154 1551 1278 1634 Quanto
1302 1550 1384 1615 malo

237 1677 298 1721 non
323 1660 426 1723 solum
451 1677 520 1736 suo,
545 1659 601 1723 sed
625 1659 721 1724 etiam
745 1659 958 1725 Romanorum
982 1659 1013 1723 in
1037 1660 1159 1724 bellum
1178 1657 1292 1723 Albani
1317 1676 1385 1740 pro-

237 1765 344 1829 uocati
373 1767 457 1841 sunt,
482 1765 555 1848 qnia
587 1765 737 1830 uidelicet
769 1785 826 1848 par
854 1765 978 1830 Numae
1007 1770 1072 1830 tarn
1105 1765 1201 1851 longa
1231 1765 1425 1830 uiluerat!1o

238 1869 339 1949 eram
368 1871 495 1937 crebrae
520 1875 641 1964 strages
665 1873 798 1937 Romani
821 1872 998 1956 Albanique
1023 1873 1178 1938 exercitus
1202 1873 1332 1936 fuerunt
1354 1877 1384 1935 et

237 1977 404 2060 utriusque
429 1979 636 2043 comminutio
662 1979 817 2044 ciuitatis!
842 1979 924 2043 Alba
946 1997 1080 2062 namque
1099 1979 1165 2056 illa,
1186 1997 1280 2061 quam
1300 1977 1384 2041 filius

236 2085 360 2149 Aeneae
389 2087 509 2149 creauit
536 2085 704 2164 Ascanius,
733 2086 852 2150 Romae
885 2088 987 2152 mater
1016 2087 1160 2170 proprior
1191 2085 1262 2169 ipsa
1295 2103 1387 2168 quam

238 2190 341 2266 Troia,
375 2209 393 2254 a
424 2189 516 2254 Tullo
549 2189 690 2257 Hostilio
723 2211 797 2276 rege
829 2197 1002 2274 prouocato
1035 2191 1183 2270 conflixit,
1217 2191 1387 2276 confligens

239 2299 345 2362 antem
370 2299 402 2360 at
425 2296 550 2361 adflicta
573 2299 623 2363 eet
645 2301 678 2362 et
698 2298 827 2376 addixit,
848 2299 946 2364 donec
965 2299 1139 2364 multorum
1158 2298 1300 2362 taederet
1322 2298 1387 2380 pari
1405 2319 1427 2358 a

239 2401 414 2467 deiectione
452 2403 671 2469 certaminum.
714 2405 803 2469 Tunc
840 2407 988 2470 euentum
1025 2404 1102 2470 belli
1136 2405 1173 2469 de
1205 2403 1387 2488 tergeminis

238 2508 311 2572 hinc
341 2509 443 2592 adque
472 2509 544 2574 inde
577 2511 727 2575 fratribus
761 2513 883 2594 placuit
915 2513 1060 2596 experiri3
1096 2533 1114 2577 a
1141 2511 1293 2578 Romanis
1325 2515 1387 2576 tres

238 2616 374 2693 Horatii,
390 2616 427 2680 ab
443 2615 574 2681 Albanis
595 2621 699 2682 autem
719 2622 784 2682 tres
799 2618 931 2684 Curiatii
949 2623 1186 2702 processerunt;
1207 2639 1225 2682 a
1240 2617 1387 2684 Curiatiis

239 2724 341 2788 tribus
360 2723 486 2787 Horatii
505 2723 577 2802 duo,
597 2724 635 2788 ab
655 2744 717 2790 uno
739 2729 845 2790 auteur
864 2726 996 2791 Horatio
1016 2731 1080 2792 tres
1098 2725 1230 2793 Curiatii
1251 2721 1385 2809 superat

240 2833 272 2894 et
300 2829 428 2894 extincti
458 2834 543 2894 sunt.
581 2831 630 2895 Ita
653 2831 754 2896 Roma
781 2832 886 2896 extitit
913 2832 1026 2897 uictrix
1056 2851 1093 2896 ea
1120 2831 1209 2897 clade
1239 2831 1333 2896 etiam
1358 2829 1387 2892 in
1405 2855 1428 2894 ao

240 2936 410 3000 certamine
448 2939 595 3014 extremo,
630 2939 666 3000 nt
703 2937 740 3001 de
779 2957 832 3002 sex
869 2958 951 3003 unus
988 2938 1104 3003 rediret
1140 2937 1281 3004 domum.
1330 2934 1385 3001 Cui

241 3039 388 3104 damnum
409 3041 440 3105 in
460 3041 615 3124 utrisque,
636 3041 688 3106 cui
711 3043 829 3118 luctus,
849 3041 910 3107 nisi
929 3042 1052 3109 Aeneae
1072 3042 1163 3128 stirpi
1182 3043 1245 3107 nisi
1263 3041 1388 3110 Ascanii

240 3147 386 3230 posteris,
411 3146 472 3211 nisi
496 3146 577 3230 proli
597 3147 728 3212 Veneris
753 3148 813 3213 nisi
838 3149 1008 3232 nepotibus
1032 3149 1141 3215 Ionis?
1168 3149 1252 3214 Nam
1276 3153 1309 3214 et
1331 3150 1388 3214 boc

240 3253 313 3338 ptus
339 3273 433 3336 quam
458 3252 553 3317 ciuile
572 3253 692 3319 bellum
711 3255 783 3333 ruit,
804 3256 927 3338 quando
947 3255 1013 3320 filia
1032 3257 1146 3321 ciuitas
1167 3276 1240 3321 cum
1260 3256 1389 3321 ciuitate

241 3363 341 3424 matre
374 3359 540 3444 pugnauit.
581 3360 728 3425 Accessit
760 3362 848 3426 aliud
880 3362 955 3426 huic
987 3363 1234 3448 tergeminorum
1266 3381 1391 3447 pugnae
1409 3385 1430 3424 n

243 3467 374 3532 ultimae
403 3469 490 3531 atrox
514 3467 616 3550 adque
640 3469 830 3535 horrendum
853 3471 984 3537 malum.
1021 3469 1104 3535 Nam
1127 3472 1164 3533 ut
1187 3471 1276 3532 erant
1299 3469 1390 3534 ambo

240 3573 351 3657 popnli
378 3573 466 3656 prins
495 3575 589 3639 amici
613 3575 725 3658 (uicini
753 3576 869 3660 quippe
898 3577 1000 3660 adque
1029 3577 1181 3662 cognati),
1205 3575 1261 3639 nni
1285 3575 1391 3641 Curia·
1512 3575 1513 3588 ¹

242 3680 360 3744 tior'nm
384 3679 576 3765 desponsata
598 3681 701 3746 fuerat
719 3682 925 3748 Horatiorum
944 3703 1045 3760 soror3
1069 3684 1147 3748 baec
1166 3683 1278 3765 postea
1298 3697 1391 3764 quam

243 3786 351 3870 sponsi
384 3786 486 3870 spolia
517 3787 549 3851 in
582 3787 702 3854 uictore
736 3791 830 3854 fratre
865 3789 1037 3872 conspexit,
1071 3788 1109 3854 ab
1143 3787 1252 3855 eodem
1285 3788 1390 3864 fratre,

279 4037 418 4092 9snosC
472 4039 505 4094 10
523 4041 592 4110 tam]
613 4040 736 4094 etiamC
786 4043 816 4096 11
838 4041 968 4095 ainanL
1018 4041 1051 4096 15
1071 4041 1099 4094 et
1118 4046 1183 4092 ante
1201 4039 1305 4092 adflixit
1323 4041 1390 4092 aa?
1511 4073 1512 4088 a

242 4143 302 4195 arcp.
332 4127 380 4184 lin.
409 4129 433 4181 A
489 4129 521 4182 17
550 4128 648 4200 adque]
678 4131 771 4199 itaque
800 4130 819 4183 d
875 4130 906 4184 18
936 4130 1015 4183 oratii
1045 4134 1070 4182 et
1094 4129 1134 4182 sic
1161 4127 1240 4196 infra
1264 4125 1287 4180 G
1356 4126 1387 4179 ab

243 4259 277 4296 m.
296 4245 314 4296 2
335 4259 396 4312 sup.
417 4243 512 4298 Aac
582 4246 614 4299 21
645 4203 741 4299 dede
828 4243 1228 4313 serLACaibdepakf5
1252 4259 1297 4297 sex
1321 4241 1388 4295 uinis

244 4357 324 4425 atqu
343 4358 442 4412 Donrb.
497 4359 531 4413 22
551 4359 649 4414 Ascani
669 4359 728 4414 LA
783 4361 818 4414 23
839 4327 967 4431 neptibus
988 4361 1012 4412 C
