3108 4926
374 446 423 500 Da
452 445 625 500 ciuitate
654 445 715 499 dei
744 445 808 499 lib.
835 445 893 501 VII.
920 463 994 516 cap.
1015 447 1040 499 5.
1218 449 1282 512 309

131 661 165 706 ac
193 644 307 723 partes
332 641 410 716 eius,
434 640 467 705 id
490 642 540 704 est
563 640 638 706 deos
662 660 766 717 ueros,
792 642 894 705 animo
919 642 1042 718 uidere;
1072 662 1205 725 quorum
1230 641 1284 724 qui

130 749 307 812 simulacra
334 749 438 830 specio
466 747 604 813 hominis
632 748 785 826 lecerunt,
814 749 873 813 hoc
901 748 1003 813 uideri
1032 753 1170 826 secutos,
1200 748 1284 832 quod

131 855 319 920 mortalium
344 855 479 932 animus,
500 854 555 936 qui
579 860 628 919 est
650 855 682 918 iu
706 873 834 938 corpore
858 855 1007 934 humano,
1028 855 1210 920 simillimus
1236 858 1286 920 est

130 962 313 1026 inmortalis
343 960 452 1038 animi;
482 965 645 1043 tamquam
676 962 704 1026 si
731 981 811 1028 uasa
837 966 1029 1046 ponerentur
1057 981 1152 1028 causa
1175 965 1284 1026 noton-

102 1067 246 1133 rdorum
271 1067 403 1133 deorum
427 1071 459 1131 et
481 1069 513 1132 in
535 1067 640 1133 Liberi
665 1067 742 1132 aede
765 1069 979 1151 oenophorum
1004 1070 1180 1145 sisteretur,
1201 1067 1285 1151 quod

132 1175 332 1259 significaret
360 1173 479 1251 uinum,
505 1195 561 1257 par
587 1174 620 1238 id
650 1175 733 1256 quod
763 1176 903 1240 continet
926 1176 959 1240 id
984 1176 1066 1261 quod
1092 1176 1283 1251 continetur3

131 1283 177 1347 ita
205 1301 266 1366 per
293 1281 509 1360 simulamur,
539 1281 623 1364 quod
651 1283 783 1346 formam
817 1283 946 1348 taboret
978 1285 1158 1360 humanam,
1188 1281 1285 1367 signi-

131 1389 219 1454 ficari
260 1389 396 1452 animaru
431 1389 626 1464 rationalem,
661 1389 745 1470 quod
778 1409 814 1455 eo
847 1392 938 1455 uelut
970 1409 1046 1455 uase
1079 1395 1191 1454 natura
1222 1389 1286 1455 ista

134 1497 237 1561 soleat
270 1495 434 1573 contineri,
463 1495 554 1560 ouius
588 1500 719 1561 naturae
752 1497 846 1560 deum
875 1498 989 1562 uolunt
1016 1517 1087 1561 esse
1117 1495 1168 1560 uel
1197 1495 1283 1560 deos.

91 1625 115 1664 ro
132 1604 221 1667 Haec
248 1605 325 1666 sunt
346 1602 498 1685 mysteria
522 1602 692 1680 doctrinae,
713 1623 792 1684 quae
815 1603 877 1667 iste
901 1603 951 1668 uir
969 1603 1176 1668 doctissimus
1195 1621 1286 1684 pene-

133 1713 285 1786 trauerat,
302 1709 385 1774 undo
403 1709 434 1773 in
453 1709 559 1774 luoem
579 1710 642 1774 ista
660 1711 822 1792 proferret.
844 1709 916 1792 Sed,
938 1711 1068 1776 ohomo
1089 1710 1285 1784 acutissime,

134 1837 209 1881 num
238 1817 271 1880 in
299 1817 372 1881 istis
401 1815 561 1882 doctrinae
589 1817 750 1900 mysteriis
774 1816 861 1880 illam
885 1817 1084 1901 prudentiam
1107 1815 1285 1898 perdidisti,

135 1943 198 2004 qua
224 1923 287 1988 tibi
317 1922 420 1987 sobrie
449 1923 556 1988 uisum
581 1927 638 2000 est,
665 1923 749 2006 quod
772 1923 815 1999 hi,
841 1923 895 2005 qui
918 1923 1011 2006 primi
1034 1923 1161 2006 populis
1186 1922 1285 1986 simu-

133 2031 218 2094 lacra
242 2029 486 2106 constituerunt,
506 2032 538 2093 et
561 2033 683 2094 metum
707 2030 891 2094 demsorunt
913 2030 1038 2094 ciuibus
1064 2030 1130 2094 suis
1155 2033 1187 2094 et
1206 2048 1286 2093 erro-

94 2159 119 2199 re
135 2157 201 2200 rem
226 2136 426 2207 addiderunt,
447 2136 631 2218 castiusque
655 2137 730 2202 deos
751 2138 817 2202 sine
837 2137 1016 2202 simulacris
1035 2141 1160 2200 ueteres
1181 2135 1285 2200 obser-

136 2262 230 2308 uasse
249 2243 431 2307 Romanos?
454 2242 498 2306 Hi
522 2243 604 2307 enim
624 2242 683 2306 tibi
702 2244 831 2309 fuerunt
850 2253 1007 2320 auctores,
1026 2246 1064 2307 ut
1081 2243 1158 2307 haec
1179 2246 1286 2307 contra

136 2350 329 2432 posteriores
352 2349 512 2414 Romanos
542 2349 644 2416 dicere
670 2351 810 2416 auderes.
848 2351 929 2416 Nam
954 2351 982 2415 si
1006 2350 1108 2415 atilli
1132 2349 1285 2430 antiquis-

138 2457 210 2520 simi
244 2455 415 2521 simulacra
447 2455 632 2534 coluissent,
656 2457 878 2522 fortassisto
831 2463 932 2522 toum
961 2459 1060 2521 istum
1091 2475 1219 2521 sensum
1248 2455 1285 2520 de

138 2562 317 2626 simulacris
345 2581 407 2628 non
436 2563 711 2640 constituendis
703 2584 734 2628 rn
737 2567 829 2628 errm
858 2583 979 2634 uerum
1004 2563 1128 2628 timoris
1158 2563 1285 2627 silentio

96 2691 120 2727 a
137 2686 295 2749 premeres
325 2670 357 2731 et
383 2668 415 2732 in
443 2669 578 2733 huiusce
606 2670 691 2734 modi
720 2669 906 2753 perniciosis
940 2671 1093 2751 uanisque
1125 2667 1285 2753 figmentis

139 2775 289 2858 mysteria
307 2775 371 2838 ista
391 2774 550 2839 doctrinae
569 2777 734 2858 loquacius
755 2779 787 2840 et
807 2777 922 2840 elatius
942 2777 1149 2860 praedicares.
1173 2773 1287 2838 Anima

139 2885 194 2944 tua
220 2883 325 2944 tamen
355 2884 421 2945 tam
450 2881 543 2947 docta
571 2886 603 2947 et
618 2883 793 2966 ¹ingeniosa
817 2882 884 2966 (ubi
910 2886 941 2947 te
964 2884 1102 2948 multum
1127 2880 1286 2960 dolemus)

140 3007 193 3070 per
224 2987 301 3052 haec
333 2987 484 3070 mysteria
517 2988 677 3054 doctrinae
706 2990 744 3053 ad
772 2990 876 3054 Deum
905 3009 1010 3067 suum,
1039 2989 1072 3053 id
1101 2994 1150 3054 est
1178 3008 1196 3052 a
1223 3006 1285 3069 quo

141 3093 222 3158 facta
245 3098 304 3170 est,
324 3113 385 3158 non
410 3113 483 3159 cum
507 3114 569 3178 quo
592 3097 676 3160 lacta
701 3099 761 3172 est;
787 3116 844 3160 neo
869 3096 960 3162 ouius
984 3096 1098 3179 portio,
1118 3094 1285 3160 sedonius

100 3199 278 3264 reconditio
303 3204 365 3272 est:
390 3219 448 3266 nec
472 3203 526 3283 qui
550 3205 600 3267 est
619 3202 759 3267 omnium
781 3203 895 3280 anima,
915 3202 971 3267 sed
991 3203 1046 3286 qui
1064 3202 1141 3266 fecit
1162 3219 1287 3266 ornnem

143 3305 288 3384 animam,
313 3326 375 3390 quo
404 3309 472 3374 solo
497 3309 685 3374 inlustrante
710 3311 814 3374 anima
837 3311 873 3374 fit
894 3312 996 3388 beata,
1022 3310 1050 3374 si
1074 3310 1142 3374 eius
1167 3307 1286 3392 gratiae

178 3501 190 3554 l
211 3517 242 3554 ac
262 3517 313 3557 om,
336 3503 369 3568 C;
388 3501 438 3556 hoo
458 3501 477 3554 d
548 3503 602 3572 qni,
623 3503 632 3556 i
650 3503 682 3557 in
700 3521 714 3557 e
734 3518 813 3562 corr,
835 3503 859 3556 O
929 3505 944 3556 5
963 3502 1026 3556 libri
1046 3518 1077 3555 aa
1097 3500 1147 3555 deo
1167 3498 1285 3568 enopho-

142 3617 243 3684 ruma
261 3617 342 3670 liberi
361 3617 420 3672 edei
440 3617 636 3688 denophorud
734 3584 989 3688 oterlophoramffi
1007 3617 1237 3686 deminophorum
1257 3616 1288 3666 ira

142 3721 226 3775 marp
245 3705 422 3775 myuophoru,
441 3725 455 3760 c
528 3707 783 3762 8rationabileml
855 3708 960 3761 eumC
1030 3723 1145 3760 uasaee
1220 3703 1286 3756 llo

144 3821 232 3874 om.d
288 3823 321 3876 12
339 3823 449 3876 marc
502 3825 535 3879 13
555 3841 650 3894 quiae
722 3824 858 3878 subrieC
927 3823 1001 3877 hiel
1057 3824 1089 3875 15
1109 3837 1167 3874 arne
1186 3835 1237 3872 om
1254 3816 1287 3868 0¹

146 3909 176 3962 16
195 3909 272 3964 hice
343 3915 390 3966 ut.
403 3913 582 3982 ‚posteriores
601 3930 686 3969 om.c
759 3913 921 3967 luctamur
943 3907 1287 3971 essentetilla,1llara

145 3997 231 4052 deado
249 4005 283 4052 ut
300 3999 411 4054 uidetur
426 4003 457 4055 in
471 4003 513 4056 illi
526 4019 635 4072 coam
709 4007 801 4057 etom.
819 4003 852 4056 0¹
908 4001 940 4056 18
961 3999 1139 4054 coluissetO²
1196 3996 1253 4049 19
1247 4012 1287 4048 rn-

144 4087 231 4156 tcrim]
251 4088 454 4143 interemissent
472 4107 511 4160 eq
583 4107 647 4144 uero
671 4091 705 4158 C,·
724 4092 781 4144 ueri
801 4089 831 4144 a²
902 4089 1011 4144 silentio
1031 4104 1081 4143 om.
1102 4085 1132 4140 α*
1187 4085 1221 4138 22
1240 4087 1288 4136 tua

145 4177 231 4230 lamen
251 4183 308 4232 tarn
329 4180 478 4250 otdepq
495 4181 609 4248 Domb.;
626 4184 718 4234 tamen
737 4198 788 4236 om.
812 4180 846 4246 0,·
863 4184 954 4234 tamen
972 4182 1021 4232 tua
1038 4183 1094 4230 tam
1114 4177 1148 4230 lo
1218 4173 1252 4226 23
1272 4188 1288 4223 a

146 4277 196 4331 qno
214 4265 290 4320 saeta
309 4272 351 4321 est
368 4285 428 4338 sup.
449 4271 497 4323 lin.
520 4269 543 4322 0
613 4271 647 4324 25
667 4287 716 4324 nec
735 4271 782 4339 qui
801 4277 843 4323 est
860 4285 919 4338 sup.
941 4269 988 4322 lira.
1012 4266 1035 4320 0
1104 4266 1138 4318 26
1157 4262 1240 4316 beata
1257 4259 1288 4312 fit

145 4351 231 4405 anima
250 4373 283 4422 o;
301 4359 333 4409 fit
352 4359 441 4412 auimo
459 4358 540 4413 beata
558 4375 573 4412 o
