3108 4926
373 437 424 490 De
452 437 623 490 ciuitate
652 435 713 490 dei
740 435 805 492 lib.
832 435 907 490 VIII.
935 452 1009 506 cap.
1039 436 1063 489 5.
1225 436 1290 502 363

144 634 176 698 id
200 635 251 699 est
274 650 389 717 corpus
408 651 505 697 unum
526 651 562 696 ex
580 630 631 696 his
651 630 803 714 quattuor
821 628 997 707 elementis,
1018 628 1133 711 quibus
1153 627 1292 692 uisibiIIs

144 740 283 806 mundus
302 740 354 804 hic
374 740 509 816 constat,
530 743 561 802 et
579 738 743 802 uiuentem
764 739 796 800 et
815 735 991 818 sapientem
1011 738 1043 800 et
1060 734 1163 817 ipsius
1183 733 1292 800 muudi

143 847 365 912 fabricatorem
390 845 490 928 adque
515 845 667 921 omnium,
687 862 767 926 quae
789 843 821 906 in
845 861 881 906 eo
906 843 991 916 sunt,
1012 859 1146 924 eumque
1166 839 1291 905 omnino

142 953 251 1038 ignem
279 951 374 1016 deum
403 969 472 1016 esso
500 953 702 1034 putauerunt.
740 949 783 1013 Hi
808 951 840 1013 et
864 947 959 1012 ceteri
983 947 1104 1012 slmiles
1128 965 1236 1012 eorum
1259 945 1293 1010 id

111 1060 250 1124 asolnm
275 1057 413 1142 cogitare
436 1060 617 1140 potuerunt,
638 1055 814 1139 quodcum
835 1053 880 1120 eis
900 1055 994 1120 corda
1012 1073 1120 1120 eorum
1141 1051 1293 1119 obstricta

141 1166 246 1232 cernis
274 1165 421 1230 sensibus
449 1164 592 1229 fabulata
619 1167 703 1230 sunt.
742 1163 777 1228 In
808 1181 841 1226 se
871 1161 987 1246 quippo
1019 1161 1175 1226 hebebant
1208 1159 1292 1242 quod

140 1291 205 1338 non
233 1271 397 1350 uidebant,
425 1273 457 1336 et
483 1274 562 1353 aput
589 1289 623 1335 se
651 1269 906 1354 imaginabantur
929 1267 1014 1354 quod
1036 1269 1112 1334 foris
1136 1266 1292 1346 uiderant,

140 1381 240 1444 etiam
263 1376 389 1461 quando
412 1397 473 1442 non
497 1376 660 1454 uidebant,
684 1376 740 1441 sed
762 1376 982 1442 tantummodo
1007 1375 1199 1459 cogitabant.
1222 1373 1292 1438 Hoc

140 1488 251 1552 autem
284 1485 317 1549 in
350 1487 520 1568 conspectu
552 1483 627 1548 talis
660 1481 863 1567 cogitationis
896 1483 959 1548 iam
992 1501 1052 1546 non
1087 1485 1137 1546 est
1166 1499 1291 1562 corpus,

96 1616 122 1654 ιο
141 1593 199 1657 sed
224 1590 403 1657 similitudo
428 1590 581 1674 corporis3
614 1589 695 1654 illud
723 1593 840 1666 antem,
864 1589 947 1654 unde
975 1587 1103 1654 uidetur
1128 1587 1160 1652 in
1188 1587 1292 1652 animo

139 1697 220 1762 haec
249 1695 427 1762 similitudo
456 1695 606 1779 corporis,
629 1713 686 1760 nec
715 1713 830 1780 corpus
859 1697 993 1760 estnec
1021 1693 1197 1760 similitudo
1226 1711 1292 1758 cor·

140 1805 243 1888 poris;
274 1806 307 1867 et
334 1803 417 1868 unde
445 1802 574 1868 uidetur
601 1801 702 1884 adque
726 1803 833 1866 unum
856 1802 989 1884 pulchra
1013 1820 1051 1865 an
1077 1800 1226 1865 deformis
1251 1801 1294 1865 sit

140 1911 315 1988 iudicatur,
334 1911 477 1993 profecto
501 1912 552 1974 est
574 1909 689 1973 melius
710 1927 804 1992 quam
823 1907 895 1991 ipsa
914 1927 993 1992 quae
1011 1907 1180 1973 iudicatur.
1204 1907 1293 1972 Haec

138 2037 230 2082 mens
264 2017 403 2081 hominis
436 2019 469 2080 ot
499 2015 663 2082 rationalis
696 2015 817 2080 animae
846 2018 957 2080 natura
984 2018 1044 2093 est,
1073 2033 1153 2097 quac
1180 2013 1292 2097 ntique

95 2150 120 2188 rs
140 2143 258 2208 corpus
282 2143 344 2189 non
368 2128 428 2202 est,
447 2123 474 2188 si
497 2123 561 2188 iam
583 2123 640 2187 illa
663 2122 803 2206 eorporis
827 2121 1014 2200 similitudo,
1035 2140 1108 2186 cum
1130 2121 1161 2186 in
1187 2120 1291 2185 animo

139 2229 316 2315 cogitantis
339 2228 492 2313 aspicitur
516 2229 616 2311 adque
640 2229 809 2307 ludicatur,
829 2247 886 2295 nec
908 2228 980 2312 lpse
1003 2246 1118 2311 corpus
1138 2231 1196 2293 est.
1221 2227 1291 2292 Non

139 2341 190 2402 est
209 2357 288 2421 ergo
308 2355 365 2401 nec
383 2339 466 2402 terra
484 2355 542 2400 neo
561 2355 653 2419 aqua,
671 2353 729 2401 nec
749 2355 801 2399 aer
819 2355 876 2400 nec
894 2335 989 2419 ignis,
1005 2335 1122 2418 quibus
1141 2337 1293 2418 quattuor

138 2443 339 2529 corporibus,
364 2463 443 2526 quae
471 2444 619 2509 dicuntur
642 2447 792 2527 quattuor
816 2443 980 2520 elementa,
1004 2442 1159 2507 mundum
1183 2460 1291 2524 corpo·

136 2569 228 2616 reum
249 2549 398 2616 uidemus
417 2570 487 2617 esse
507 2554 705 2634 conpactum.
729 2549 826 2615 Porro
846 2549 873 2614 si
897 2552 1004 2638 noster
1027 2549 1151 2614 animus
1175 2565 1290 2630 corpus

95 2685 121 2726 ro
138 2676 200 2722 uun
231 2660 292 2735 est,
317 2676 378 2739 quo
407 2657 500 2722 modo
528 2657 616 2722 Deus
645 2659 767 2722 creator
793 2656 889 2722 culmi
918 2674 1032 2739 corpus
1061 2657 1131 2720 est?
1171 2651 1292 2718 Cedant

139 2783 215 2848 ergo
247 2766 281 2828 ct
307 2763 373 2842 isti,
401 2767 439 2828 ut
467 2762 588 2828 dictum
616 2767 674 2842 est,
703 2763 890 2840 PlatonicIs3
924 2762 1036 2827 cedant
1065 2765 1096 2827 et
1123 2761 1182 2839 illi,
1212 2779 1291 2843 quos

139 2871 272 2952 quidem
288 2870 403 2954 puduit
420 2869 523 2936 dicere
539 2871 642 2934 Deum
662 2889 776 2953 corpus
796 2889 875 2946 esse,
892 2889 1004 2934 uerum
1022 2873 1128 2934 tamon
1148 2867 1290 2932 eiusdem

138 2979 285 3052 naturae,
314 2975 404 3041 cuius
433 2976 487 3042 ille
516 2979 575 3052 est,
605 2977 724 3042 animos
753 2979 879 3042 nostros
908 2995 978 3041 esse
1005 2978 1212 3057 putauerunt;
1246 2974 1292 3038 ita

139 3103 202 3148 non
232 3101 289 3148 eos
317 3085 421 3149 mouit
447 3087 536 3148 tanta
563 3082 761 3148 mutabilitas
790 3085 921 3156 animae,
951 3101 1046 3166 quam
1074 3081 1134 3146 Dei
1161 3084 1291 3146 naturae

96 3217 121 3259 aa
138 3190 284 3255 tribuere
297 3189 385 3254 netas
406 3194 464 3254 est.
489 3189 551 3255 Sed
569 3190 693 3254 dicunt:
714 3189 849 3274 Corpore
869 3194 1011 3255 mutatur
1029 3188 1151 3254 animae
1168 3192 1290 3263 natura,

140 3315 214 3361 nam
239 3315 297 3378 per
320 3315 354 3360 sc
372 3295 443 3379 ipsa
460 3296 729 3362 incommutabilis
750 3300 809 3361 est.
832 3295 984 3362 Poterant
1005 3295 1059 3359 isti
1084 3294 1201 3360 dicere:
1226 3313 1291 3358 cor·

139 3420 216 3488 pore
247 3401 354 3484 aliquo
383 3403 568 3468 uulneratnr
594 3422 676 3482 caro,
705 3423 777 3467 nam
806 3423 861 3486 per
889 3422 923 3468 se
951 3403 1021 3484 ipsa
1047 3400 1290 3466 inuulnerabilIs

140 3513 199 3573 cst.
235 3507 371 3574 Prorsus
396 3509 481 3592 quod
504 3509 620 3574 mutari
643 3529 704 3576 non
727 3511 844 3591 potest,
868 3509 1012 3574 nullane
1035 3511 1152 3592 potest,
1177 3525 1212 3572 ao
1235 3527 1292 3590 per

139 3613 201 3681 boc
231 3614 319 3698 quod
347 3633 475 3695 corpore
502 3616 620 3680 mutari
643 3619 758 3699 potest,
783 3616 890 3698 eliqua
912 3636 944 3680 rc
967 3618 1075 3699 potest
1098 3619 1129 3681 et
1151 3614 1222 3680 ideo
1245 3615 1290 3678 iu-

98 3751 123 3792 eo
141 3720 370 3787 commutabile
392 3724 477 3787 recte
501 3721 563 3786 dici
586 3741 646 3787 non
670 3726 786 3805 potest.

176 3903 372 3960 dtabnlatae
425 3905 677 3960 Stantummodum
695 3905 727 3959 0¹
790 3907 823 3960 ld
840 3906 909 3960 illud
928 3923 1013 3976 usque
1032 3907 1071 3962 ad
1088 3907 1208 3977 corporIs
1223 3907 1240 3960 l.
1259 3911 1289 3959 11

141 4007 225 4052 oms
290 3995 323 4047 12
343 3994 431 4064 adque
450 4011 533 4050 oms
594 3995 627 4048 14
647 3999 675 4049 et
693 3995 785 4065 ipsas
840 3997 873 4050 16
892 3997 1021 4066 cogitatis
1039 3995 1063 4050 a¹
1121 3997 1153 4050 18
1173 4012 1244 4065 corp.
1264 4012 1289 4064 q.

142 4083 168 4140 d.
187 4086 322 4152 quattuor
339 4083 456 4152 repetita
474 4089 500 4138 et
519 4084 627 4138 timolus
645 4085 744 4153 dabra,
763 4101 777 4139 e
839 4086 874 4140 20
893 4086 982 4139 animo
1002 4085 1031 4138 b²
1103 4088 1145 4138 est
1163 4101 1214 4138 om.
1234 4085 1290 4152 qod

141 4171 174 4224 21
196 4171 292 4224 otiati
311 4187 395 4226 om.r
467 4187 535 4242 quos
554 4171 675 4242 quidem]
696 4173 822 4243 quibust
875 4175 909 4228 25
929 4190 1025 4244 corpus
1039 4173 1128 4226 anime
1142 4176 1290 4226 mutatura

142 4260 434 4328 naturasup.la'n.0
505 4263 539 4317 26
557 4262 618 4331 ipsu
639 4262 806 4329 Gdlalcf5
824 4263 911 4334 ipsam
932 4265 1100 4332 obepqsv
1173 4263 1208 4316 27
1228 4277 1289 4316 caro

141 4349 216 4417 nam]
238 4345 375 4403 coronari
445 4349 532 4419 ipsam
551 4363 612 4404 aaa
665 4350 699 4404 28
721 4353 762 4404 est
779 4367 839 4419 sup.
860 4351 954 4404 linc
1023 4368 1071 4421 per
1090 4367 1140 4404 om.
1161 4350 1200 4404 l¹¹
