3164 4932
288 423 353 486 624
640 421 666 475 S.
696 418 852 473 Aurelii
881 419 1096 488 Augustini

287 619 325 680 ut
343 619 510 699 peooatum
529 633 591 679 non
612 613 831 678 committatur
850 611 1120 696 commissumque
1141 613 1283 678 deleatur
1297 633 1441 698 magnae·

288 741 349 805 que
373 722 527 787 uictoriae
552 721 659 785 debita
681 721 826 786 iustitiae
848 719 955 804 palma
976 719 1137 785 reddatur.

745 911 881 980 CAPUT
906 912 993 978 VIII.

290 1056 403 1138 Quod
435 1056 474 1120 in
508 1055 666 1121 sanetis
699 1055 851 1138 primae
879 1054 1024 1119 mortis
1053 1074 1122 1137 pro
1150 1055 1334 1120 ueritate
1363 1074 1442 1119 sus-

458 1161 594 1245 ceptio
620 1161 821 1227 secundae
846 1161 902 1226 sit
925 1161 1070 1226 mortis
1095 1161 1281 1226 abolitio.
1470 1189 1481 1228 ⁵

336 1304 369 1371 Si
397 1306 481 1369 euim
509 1304 695 1388 diligentius
726 1303 974 1382 consideremus,
1002 1303 1100 1369 etiam
1128 1322 1199 1368 oum
1230 1304 1367 1388 quisque
1389 1323 1442 1386 pro

290 1414 426 1478 ueritate
454 1412 589 1477 fideliter
616 1415 648 1476 et
674 1411 879 1476 laudabiliter
905 1412 1049 1490 moritur,
1077 1430 1162 1475 mors
1192 1403 1333 1476 cauetur.
1371 1411 1443 1475 Ideo

290 1521 407 1604 quippe
436 1518 557 1608 aliquid
586 1519 654 1583 eius
683 1519 868 1601 suscipitur,
896 1537 933 1584 ne
962 1521 1030 1583 tota
1058 1519 1221 1604 contingat
1248 1521 1280 1584 et
1307 1519 1445 1582 secunda

289 1627 429 1708 insuper,
464 1645 544 1708 quae
577 1645 752 1708 numquam
785 1625 922 1702 finiatur,
956 1624 1095 1690 socedat.
1144 1623 1325 1708 Suscipitur
1364 1625 1444 1689 enim

291 1734 414 1798 animae
438 1753 456 1798 a
480 1751 608 1814 oorpore
637 1733 804 1815 separatio,
833 1751 872 1797 no
896 1733 963 1796 Deo
988 1732 1027 1796 ab
1052 1731 1157 1796 anima
1180 1736 1325 1814 separato
1352 1732 1444 1797 etiam
1462 1755 1482 1794 o

290 1841 362 1922 ipsa
394 1842 556 1922 separetur
579 1857 598 1902 a
621 1857 760 1922 corpore,
786 1857 822 1904 ao
845 1839 892 1903 sio
921 1839 1022 1903 totius
1050 1837 1189 1904 hominis
1217 1838 1318 1921 prima
1346 1841 1445 1902 morte

292 1947 439 2028 conpleta
461 1944 601 2010 secunda
624 1945 759 2028 excipiat
782 1945 984 2029 sempiterna.
1014 1945 1168 2025 Quocirca
1192 1963 1278 2010 mors
1308 1944 1444 2029 quidem,

291 2057 329 2118 ut
352 2052 425 2128 dixi,
450 2068 522 2116 oum
548 2071 615 2116 eam
641 2052 809 2117 morientes
834 2052 998 2135 patiuntur
1022 2070 1159 2134 eumque
1179 2051 1276 2117 ineis
1296 2055 1334 2116 ut
1355 2053 1445 2116 mori-

291 2163 384 2225 antur
412 2157 498 2236 faoit,
527 2157 646 2222 nemini
673 2157 755 2222 bona
784 2161 843 2232 est,
873 2158 930 2224 sod
952 2157 1157 2222 laudabiliter
1179 2159 1370 2224 toleraretur
1392 2177 1445 2240 pro

291 2264 426 2332 tenendo
455 2266 509 2330 uel
533 2263 735 2347 adipiscendo
760 2265 857 2344 bono;
882 2285 955 2330 oum
980 2284 1056 2329 uero
1079 2265 1112 2329 in
1137 2283 1173 2330 ea
1197 2268 1282 2342 sunt,
1307 2267 1364 2348 qui
1386 2265 1445 2330 iam
1464 2283 1483 2320 1⁵

296 2373 413 2438 mortui
446 2375 677 2455 nuncupantur,
712 2390 772 2436 oon
806 2370 940 2437 absurde
974 2372 1091 2437 dieitur
1123 2377 1155 2436 et
1182 2372 1275 2437 malis
1305 2373 1391 2436 mala
1418 2375 1447 2435 et

295 2479 388 2544 bonis
420 2479 510 2544 bona.
553 2478 588 2542 In
617 2479 725 2560 requie
755 2483 830 2544 sunt
857 2479 940 2543 enim
971 2479 1092 2543 animae
1121 2477 1245 2560 piomm
1273 2497 1292 2542 a
1320 2497 1446 2562 corpore

296 2589 470 2669 separatae,
507 2585 665 2667 inpiorum
703 2589 810 2650 autem
844 2604 961 2668 poenas
988 2586 1093 2664 luunt,
1122 2585 1221 2650 doneo
1247 2586 1383 2650 istarum
1410 2585 1447 2648 ad

296 2695 453 2756 aeternam
491 2691 603 2769 uitam,
639 2691 766 2756 illarum
803 2710 879 2756 uero
918 2691 958 2756 ad
995 2695 1152 2757 aeternam
1190 2696 1337 2770 mortem,
1371 2709 1446 2774 quae
1555 2711 1556 2744 r

297 2797 435 2863 secunda
459 2797 583 2875 dieitur,
608 2816 738 2881 oorpora
760 2798 971 2862 reuiuesoant.
1462 2817 1484 2855 e

746 2989 882 3056 CAPUT
904 2990 1006 3055 Vllll.

297 3133 468 3215 Tempus
511 3132 673 3210 mortis,
716 3151 791 3214 quo
834 3132 946 3196 uitae
988 3151 1134 3198 serrsus
1172 3133 1374 3211 aufertur,
1411 3133 1445 3196 in

352 3238 628 3304 morientibus
653 3257 698 3302 an
723 3238 761 3303 in
785 3239 959 3303 mortuis
984 3257 1073 3304 esse
1097 3239 1310 3304 dicendum
1335 3241 1400 3308 sit.
1553 3281 1554 3359 p

344 3379 406 3445 Sed
437 3380 470 3444 id
502 3383 642 3463 temper,
677 3398 738 3460 quo
772 3380 893 3444 animae
927 3401 944 3444 a
973 3399 1101 3462 corpore
1134 3385 1297 3463 separatae
1331 3384 1388 3445 aut
1416 3381 1445 3443 in

297 3485 389 3551 bonis
409 3490 484 3550 suot
502 3491 559 3551 aut
577 3488 607 3550 in
628 3487 731 3565 malis,
751 3491 859 3551 utrum
878 3491 953 3570 post
972 3490 1104 3552 mortem
1125 3488 1231 3570 potius
1247 3488 1332 3552 auin
1349 3491 1482 3553 mortes

299 3591 466 3657 dicendum
491 3596 560 3657 est?
586 3592 619 3658 si
644 3593 727 3656 enim
751 3596 982 3676 postmortem
1006 3596 1065 3671 est,
1090 3593 1153 3658 iam
1175 3613 1236 3658 non
1259 3596 1331 3676 ipsa
1354 3613 1444 3660 mors.

298 3717 379 3782 quae
406 3703 565 3766 transacta
592 3698 694 3782 adque
723 3701 891 3782 praeterita
919 3703 978 3777 est,
1003 3701 1060 3765 sed
1081 3704 1155 3784 post
1178 3721 1247 3766 eam
1271 3700 1341 3766 uita
1363 3721 1444 3785 prae·
1551 3759 1552 3772 ,

298 3823 372 3868 sens
401 3804 524 3868 animae
552 3805 633 3869 bona
661 3825 717 3870 seu
746 3806 830 3870 mala
853 3809 912 3871 est.
951 3806 1039 3870 Mors
1067 3809 1174 3870 autem
1197 3808 1273 3871 tuno
1297 3807 1343 3872 eis
1366 3807 1444 3870 mala

299 3912 376 3984 erat,
414 3910 538 3992 quando
577 3913 653 3989 erat,
690 3911 750 3975 boo
787 3914 836 3975 est
873 3911 996 3994 quando
1029 3931 1097 3976 eam
1130 3911 1343 3994 patiebantur,
1376 3931 1441 3978 eum

336 4145 507 4199 5absolutio
523 4162 597 4214 ppo
662 4146 693 4200 11
715 4147 885 4216 separatioe
957 4165 1103 4218 aoorpore
1121 4165 1181 4220 sup.
1202 4147 1284 4204 lime
1351 4149 1382 4202 15
1401 4145 1442 4215 qui

299 4233 364 4302 iam]
385 4233 495 4303 quidam
519 4233 546 4285 V
600 4235 631 4288 17
651 4235 830 4306 requiessunt,
850 4253 929 4290 maso
950 4253 1003 4302 o,e
1076 4237 1148 4290 enim
1167 4240 1264 4290 sunto
1325 4237 1360 4290 20
1378 4235 1442 4289 reui-

301 4321 408 4373 uiscant
427 4337 445 4374 u
457 4322 471 4374 b
483 4321 507 4374 e¹
519 4322 580 4390 ipo
634 4323 668 4376 23
688 4321 739 4376 dio.
761 4327 839 4392 eetp
