3136 4934
308 437 372 501 416
655 435 681 489 S.
709 434 864 488 Aurelii
893 434 1109 504 Augustini

307 630 444 706 Tullius,
470 629 558 693 uerbi
575 631 790 694 controuersia
814 630 876 693 iam
893 629 945 693 diu
961 632 1108 712 torqueat
1121 629 1265 693 homines
1281 626 1452 693 Graeculos

308 736 518 802 contentionis
559 736 736 818 cupidiores
770 756 865 819 quam
899 735 1053 801 ueritatis.
1101 735 1164 800 Sed
1200 735 1305 799 adbuc
1343 733 1451 798 merito

309 844 417 927 quaeri
437 845 553 926 potest,
578 846 684 907 utrum
709 843 748 906 ad
768 844 852 907 uitae
871 843 1044 925 praesentis
1064 843 1221 926 pertineat
1239 841 1452 906 infirmitatem

308 951 403 1015 etiam
423 951 454 1014 in
475 950 654 1032 quibusque
674 950 765 1014 bonis
786 949 900 1014 officiis
919 949 1053 1014 huiusce
1073 949 1159 1013 modi
1172 948 1296 1031 perpeti
1312 947 1449 1022 allectus,

307 1058 408 1122 sancti
431 1077 506 1122 uero
531 1057 634 1141 augeli
659 1061 690 1120 et
714 1056 780 1120 sine
805 1057 851 1119 ira
873 1057 1015 1138 puniant,
1041 1076 1120 1139 quos
1145 1057 1307 1138 accipiunt
1330 1058 1449 1119 aeterna
1475 1071 1485 1108 ⁵

306 1166 364 1230 Dei
390 1166 460 1248 lege
484 1163 670 1246 puniendos,
696 1167 727 1227 et
742 1162 875 1227 'miseris
900 1163 967 1227 sine
986 1162 1132 1226 miseriae
1153 1161 1361 1243 conpassione
1381 1161 1449 1224 sub·

308 1273 446 1350 ueniant,
472 1275 504 1334 et
527 1270 780 1352 periclitantibus
805 1270 861 1347 eis,
887 1289 965 1354 quos
990 1269 1137 1352 diligunt,
1163 1269 1230 1333 sine
1253 1270 1367 1334 timore
1392 1267 1448 1350 opi·

308 1379 463 1445 tulentur:
503 1382 534 1441 et
562 1381 665 1441 tamen
696 1378 828 1440 istarum
859 1377 986 1441 nomina
1011 1377 1195 1459 passionum
1227 1375 1448 1440 consuetudine

307 1484 478 1550 locutionis
503 1485 658 1547 humanae
683 1483 778 1546 etiam
802 1483 833 1545 in
858 1502 913 1547 eos
937 1485 1130 1564 usurpentur
1152 1487 1280 1566 propter
1299 1482 1448 1566 quandam

308 1609 437 1672 operum
463 1589 717 1664 similitudinem,
750 1609 809 1653 non
838 1594 966 1672 propter
995 1589 1195 1654 affectionum
1227 1589 1446 1662 indubitatem,
1463 1609 1482 1644 u

307 1697 483 1778 sicutipse
507 1693 594 1759 Deus
616 1696 790 1760 secundum
811 1696 983 1778 scripturas
1003 1695 1161 1773 irascitur,
1185 1715 1243 1760 nec
1266 1701 1368 1760 tamen
1389 1695 1446 1759 ulla

307 1804 454 1884 passione
468 1803 624 1867 turbatur.
639 1803 708 1867 Hoc
725 1803 806 1866 enim
819 1803 953 1867 uerbum
963 1802 1122 1867 uindictae
1133 1803 1303 1886 usurpauit
1312 1803 1444 1868 effectus.

307 1929 367 1974 non
388 1909 475 1974 illius
496 1909 700 1973 turbulentus
721 1909 862 1974 affectus.

773 2102 909 2168 CAPUT
934 2103 987 2168 VI.

308 2227 467 2307 Quibus
492 2227 761 2310 passionibus
787 2228 1000 2292 daemones
1025 2227 1254 2292 confitente
1278 2227 1477 2310 Apuleios

377 2334 651 2418 exagitentur,
677 2354 844 2416 quorum
870 2353 941 2417 ope
965 2335 1148 2398 homines
1173 2337 1270 2416 aput
1293 2335 1382 2398 deos

692 2440 849 2506 adserit
873 2441 1072 2506 adiuuari.

353 2564 422 2644 Qua
453 2565 580 2628 interim
620 2565 657 2628 de
695 2565 812 2629 sanctis
846 2565 967 2648 angelis
996 2565 1181 2646 quaestione
1214 2566 1312 2630 dilata
1346 2565 1440 2630 uidea-

307 2691 378 2736 mus
403 2692 496 2753 quem
522 2673 559 2736 ad
584 2671 712 2736 modum
738 2673 844 2736 dicant
866 2671 1022 2737 Platonici
1045 2673 1167 2737 medios
1186 2673 1351 2738 daemones
1367 2672 1442 2734 inter
1545 2725 1546 2744 ,

307 2777 383 2842 deos
404 2781 436 2842 et
455 2779 599 2843 homines
620 2779 811 2842 constitutos
831 2779 903 2843 istis
923 2779 1107 2860 passionum
1127 2780 1271 2844 aestibus
1289 2779 1437 2844 fluctuare.
1454 2797 1475 2836 oo
1545 2749 1546 2821 i

308 2883 341 2950 Si
367 2885 447 2948 enim
473 2890 577 2949 mente
602 2885 639 2949 ab
663 2885 713 2950 his
736 2885 835 2949 libera
859 2885 968 2968 eisque
989 2885 1168 2950 dominante
1192 2889 1299 2950 motus
1318 2885 1438 2949 huiusce

307 2991 393 3055 modi
417 2994 608 3074 paterentur,
633 3010 692 3055 non
718 3011 771 3056 eos
797 2991 916 3056 diceret
934 2992 1089 3075 Apuleius
1115 2992 1212 3056 simili
1236 2997 1322 3058 motu
1345 2989 1437 3055 cordis
1544 3063 1545 3066 Ἴ

308 3103 339 3162 et
363 3099 430 3162 salo
453 3097 569 3162 mentis
593 3118 648 3181 per
672 3117 780 3163 onmes
805 3099 1036 3182 cogitationum
1060 3105 1168 3164 aestuas
1195 3099 1350 3164 fluctuare.
1371 3097 1436 3179 Ipsa

305 3203 405 3287 igitur
428 3223 516 3268 mens
541 3223 661 3282 eorum,
684 3203 716 3266 id
742 3207 885 3286 estpars
910 3203 1007 3267 animi
1027 3205 1179 3286 superior,
1205 3222 1267 3287 qua
1285 3201 1436 3268 rationales

307 3313 392 3385 sunt,
415 3310 446 3373 in
468 3329 529 3390 qna
553 3311 656 3373 uirtus
677 3313 708 3374 et
727 3311 892 3393 sapientia,
918 3310 945 3374 si
969 3309 1036 3374 ulla
1060 3311 1105 3374 eis
1130 3315 1226 3388 esset,
1251 3309 1434 3394 passionibus
1450 3331 1470 3372 o

305 3416 498 3479 turbulentis
523 3415 705 3481 inferiorum
734 3416 829 3480 animi
857 3416 994 3499 partium
1018 3416 1166 3500 regendis
1189 3415 1433 3496 moderandisque

398 3607 411 3659 1
433 3605 465 3659 de
486 3610 553 3660 orat.
572 3605 593 3668 I,
616 3607 645 3660 ll
703 3607 737 3660 22
759 3605 861 3660 dedeo
882 3607 955 3660 Socr.
974 3624 1001 3676 p.
1022 3608 1064 3674 15,
1085 3607 1117 3660 18

346 3749 357 3802 1
379 3752 506 3817 torqueat
527 3747 700 3816 C²ublps,·
718 3753 814 3818 torque
834 3748 867 3802 ad
890 3749 1069 3853 &intorquet
1085 3749 1151 3817 aql:
1164 3749 1199 3811 fl
1273 3709 1433 3809 imminorata

305 3881 391 3934 aaarq.
412 3863 509 3928 omis
562 3863 683 3918 2adbac
706 3865 738 3918 0¹
793 3865 1088 3937 bsanctiq'sslangelib
1160 3867 1287 3936 puniunt,
1305 3865 1358 3919 iuut
1375 3863 1433 3913 oo.2

305 3955 337 4007 io
355 3970 454 4017 aas.,e
527 3954 706 4023 accipiantt'
777 3955 863 4008 ssDei
883 3955 964 4010 ooal
1041 3955 1153 4008 simeO
1223 3947 1434 4010 Scorrsuetudol

306 4044 322 4095 9
342 4047 454 4111 propter
471 4059 505 4095 oo.
525 4045 545 4095 2
564 4059 597 4096 eoo
615 4058 663 4111 per
681 4059 750 4097 corr.
773 4043 796 4096 C
858 4045 891 4096 15
911 4045 1063 4148 apuleiaro
1083 4061 1116 4098 cu
1134 4061 1152 4097 u
1170 4061 1248 4108 corr,
1271 4043 1294 4098 0
1351 4038 1380 4092 16
1397 4053 1434 4090 ex·

306 4157 447 4227 agitantur
461 4175 482 4225 p
539 4159 571 4212 19
592 4159 825 4226 quemammodum
844 4158 876 4212 0¹
931 4159 966 4214 20
985 4161 1045 4229 ipsi,
1065 4161 1098 4213 a'oo
1115 4177 1200 4230 musy.
1220 4177 1254 4214 m.
1273 4175 1323 4214 rec.
1342 4151 1437 4211 illlis?

305 4247 338 4300 21
353 4245 439 4298 libera
454 4247 546 4314 cisque
562 4245 718 4300 dominante
733 4263 783 4301 om.
800 4245 832 4298 0¹
869 4247 904 4300 22
917 4263 972 4301 non
987 4263 1033 4301 eos
1049 4247 1152 4300 diceret
1165 4263 1217 4304 om.
1234 4247 1267 4300 (Ἡ
1303 4247 1336 4300 23
1351 4239 1437 4294 salust

306 4335 340 4386 26
359 4333 488 4386 inferiora
507 4351 539 4387 aa
558 4335 729 4388 inferioribus
749 4351 817 4389 corr.
836 4351 849 4389 s
921 4336 1044 4406 partibus
1063 4353 1077 4390 a
