3108 4926
399 419 449 474 De
479 419 652 474 ciuitate
681 419 742 474 dei
770 419 834 477 lib.
862 419 909 475 VI.
938 436 1013 491 cap.
1042 421 1067 476 6.
1238 423 1301 488 281

157 635 212 680 nee
234 615 351 698 spiritu
369 615 429 680 Dei
452 616 491 680 ad
515 616 653 682 ridenda
676 620 708 681 et
727 616 939 682 adnuntianda
958 617 1065 682 diuina
1083 617 1115 681 in
1135 616 1302 682 ueritatem

154 721 398 805 libertatemque
422 723 609 801 subuectus,
630 723 731 788 cernis
755 723 882 806 quidam
907 741 1001 805 quam
1025 725 1090 788 sint
1107 742 1156 788 rea
1176 722 1302 788 diuinae

156 829 193 894 ab
219 829 369 893 humanis
397 829 492 914 nugis
519 830 621 912 adque
644 829 820 896 mendaciis
845 829 1052 906 dirimendam
1081 829 1138 896 sed
1161 829 1302 894 uitiosis·

155 935 251 1000 simas
269 936 460 1019 populorum
480 936 643 1019 opiniones
663 940 695 1002 et
714 935 958 1002 consuetudines
972 937 1003 1000 in
1019 935 1301 1019 superstitionibus

123 1041 291 1124 spublicis
310 1043 429 1107 neronis
449 1043 613 1122 offendere,
629 1063 707 1127 quas
728 1043 766 1106 ab
787 1042 916 1108 deorum
936 1045 1047 1107 natura
1065 1042 1229 1107 abhorrere
1247 1042 1300 1107 uel

152 1149 276 1226 talium,
297 1149 407 1231 quales
431 1149 462 1214 in
486 1149 582 1216 buius
606 1149 717 1214 mundi
740 1149 906 1214 elementia
930 1147 1061 1212 humani
1080 1149 1178 1213 animi
1196 1149 1299 1232 suspi-

152 1259 241 1320 catur
271 1255 449 1336 infirmitas,
479 1259 511 1320 et
542 1257 641 1322 sentis
673 1256 753 1339 ipse,
782 1275 855 1322 cum
888 1275 940 1321 aas
972 1274 1200 1340 usquequaque
1228 1273 1298 1321 con-

151 1361 283 1439 sideras,
317 1365 349 1426 at
382 1361 483 1426 omnis
514 1365 623 1427 uestra
653 1361 834 1427 litteratura
866 1361 1086 1434 circumsonat.
1130 1358 1214 1439 Quid
1245 1362 1298 1426 bic

151 1467 218 1552 agit
240 1467 416 1533 humanum
440 1471 586 1552 quamuis
606 1469 909 1534 excellentissimum
924 1469 1110 1554 ingenium?
1136 1465 1220 1548 Quid
1238 1469 1298 1534 tibi

102 1600 134 1640 ιο
150 1575 290 1640 bumana
321 1574 397 1640 licet
428 1575 596 1658 multiplex
627 1577 802 1660 ingensque
835 1576 977 1642 doctrina
1003 1575 1035 1640 iu
1063 1575 1112 1642 his
1140 1575 1297 1660 angustiis

150 1681 362 1760 srrffragatur?
397 1683 566 1748 Naturales
590 1682 666 1747 deos
690 1684 793 1748 colera
816 1681 917 1765 capia,
942 1682 1053 1748 ciuiles
1078 1681 1210 1765 cogaris.
1247 1683 1296 1748 In-

149 1789 267 1854 uenisti
297 1788 377 1854 alios
404 1788 579 1868 fabulosos,
602 1789 634 1855 in
662 1807 742 1872 quos
770 1787 901 1854 liberius
925 1788 1009 1871 quod
1033 1789 1132 1854 sentis
1156 1807 1296 1866 euomas,

148 1895 231 1960 unde
260 1899 294 1959 et
320 1897 401 1961 istos
436 1897 548 1961 ciuiles
581 1897 664 1962 uelis
696 1897 820 1961 nolisuo
846 1897 1028 1978 perfundas.
1066 1895 1154 1960 Dicis
1178 1895 1295 1980 quippe

147 2000 312 2068 fabulosos
336 2001 595 2068 adcommodatas
620 2021 689 2068 esse
714 2003 751 2067 ad
775 2004 946 2083 theatrum,
966 2003 1125 2068 naturales
1148 2003 1188 2067 ad
1206 2022 1295 2066 mun-

102 2133 130 2178 1⁵
147 2107 235 2187 dum,
260 2109 374 2176 ciuiles
398 2109 437 2174 ad
460 2109 581 2187 urbem,
602 2129 675 2174 curn
693 2108 831 2174 mundus
856 2129 936 2194 opus
960 2111 1003 2175 sit
1026 2110 1181 2188 diuinum,
1200 2111 1294 2178 urbes

147 2233 221 2280 uero
251 2218 284 2278 et
311 2215 435 2280 theatra
463 2235 556 2298 opere
583 2217 649 2282 sint
675 2215 849 2295 hominum,
872 2235 930 2282 nec
958 2217 1012 2281 alii
1040 2217 1241 2283 derideantur
1261 2219 1294 2284 in

144 2323 290 2400 theatris
325 2343 420 2405 quam
459 2323 514 2406 qui
550 2323 720 2388 adorentur
755 2324 787 2386 in
824 2323 964 2406 templis,
998 2343 1055 2388 nec-
1092 2325 1163 2389 aliis
1199 2325 1293 2390 ludos

145 2428 330 2507 exhibeatis,
355 2448 450 2511 quam
479 2430 595 2512 quibus
618 2429 767 2495 uictimas
791 2431 977 2496 immolatis.
1014 2429 1138 2510 Quanto
1160 2431 1292 2498 libarius

144 2537 360 2619 subtiliusque
387 2539 451 2603 ista
478 2538 649 2616 diffideres,
675 2539 782 2603 dicens
811 2538 890 2604 alios
919 2557 989 2604 esse
1018 2538 1093 2604 deos
1121 2541 1291 2617 naturales,

98 2671 125 2712 no
143 2644 222 2708 alios
251 2645 291 2709 ab
319 2645 501 2710 homiuibus
530 2646 707 2722 institutos,
733 2645 788 2710 sed
816 2645 854 2710 de
881 2645 1039 2711 institutis
1068 2645 1154 2711 aliud
1178 2646 1292 2712 habere

140 2750 265 2816 litteras
293 2755 469 2834 poetarum,
495 2751 581 2817 aliud
610 2751 821 2830 sacerdotum,
844 2756 996 2834 utrasque
1023 2756 1129 2817 tamen
1153 2753 1197 2818 ita
1221 2773 1291 2820 esse

139 2857 222 2921 inter
250 2876 284 2922 se
314 2858 431 2922 amicas
461 2858 618 2924 consortio
648 2859 809 2934 falsitatis,
838 2863 875 2924 ut
904 2861 1010 2942 gratae
1043 2860 1107 2926 siut
1138 2863 1290 2944 utraeque

140 2963 359 3042 daemonibus,
383 2965 498 3047 quibus
522 2965 666 3030 doctrina
688 2965 816 3030 inimica
835 2970 884 3030 est
902 2966 1061 3031 ueritatis!
1086 2965 1291 3048 Saquestrata

139 3070 240 3154 igitur
271 3070 438 3152 paululum
471 3070 642 3156 theologia,
673 3091 768 3153 quam
799 3072 974 3137 naturalem
1006 3075 1131 3148 uocant,
1161 3073 1199 3138 de
1228 3093 1290 3156 qua

93 3205 121 3246 aa
138 3179 252 3259 postea
276 3177 496 3242 disserendum
520 3181 578 3255 est,
598 3180 742 3262 placetne
765 3177 893 3242 tandem
917 3178 1017 3244 uitam
1041 3183 1199 3244 aeternam
1224 3181 1290 3264 peti

138 3287 194 3347 aut
213 3283 332 3366 sperari
352 3283 390 3348 ab
412 3283 460 3348 dis
479 3285 613 3368 poeticis
633 3284 807 3362 theatricis,
829 3285 960 3350 ludicris
981 3286 1156 3352 scaenicis?
1178 3287 1288 3366 Absit3

137 3389 235 3456 immo
260 3393 384 3454 auertat
407 3391 495 3455 Deus
518 3410 614 3456 uerus
633 3394 700 3455 tam
718 3391 875 3456 inmanem
895 3393 1145 3478 sacrilegamque
1165 3395 1288 3462 demen-

135 3495 225 3561 tiam.
252 3494 357 3574 Quid?
382 3497 420 3561 ab
441 3498 486 3562 eis
509 3497 567 3576 dis,
588 3497 704 3580 quibus
731 3497 808 3563 haec
830 3500 958 3582 placant
977 3504 1009 3566 et
1027 3520 1106 3584 quos
1124 3501 1202 3566 haee
1221 3502 1287 3585 pla·

173 3773 301 3843 3nugia]
322 3775 437 3845 magiae
491 3776 865 3846 5ab,beras.,0;abq¹
939 3779 1060 3831 eoruml
1114 3779 1145 3832 11
1165 3780 1285 3852 coleresl,

134 3889 300 3955 raerus.‚C
370 3908 480 3960 cogeres
497 3891 528 3944 0¹
586 3850 780 3948 1aliber¹us0
832 3895 866 3947 13
884 3893 981 3963 pdase
1053 3895 1285 3966 quippelquoq31

136 3977 169 4031 15
189 3994 257 4046 opus
275 3993 337 4046 sup.
358 3979 406 4034 lin.
429 3980 452 4032 U
533 3981 565 4035 16
585 3980 760 4036 derideantur
781 3981 909 4048 Oabk¹‚·
927 3981 1006 4036 dirid.
1026 3983 1060 4048 d,·
1077 3982 1235 4039 deriuantur
1249 4003 1284 4054 p;

133 4064 172 4118 dii
190 4066 334 4119 rideantur
352 4068 446 4122 ralla
520 4069 683 4124 17a1i0s0¹
758 4071 790 4124 18
810 4071 940 4124 exibeatis
962 4070 993 4125 0¹
1005 4071 1024 4125 1¹
1096 4072 1128 4125 19
1147 4075 1286 4142 suptil0

133 4155 168 4210 20
181 4155 252 4208 aliut
269 4154 301 4208 0¹
358 4157 389 4209 21
406 4156 525 4228 litteral
579 4159 850 4216 ‘reinbernum
901 4160 1283 4219 23inimioaestdoctrinav

133 4245 166 4298 26
185 4243 219 4298 ab
242 4243 372 4312 0¹pqeq·
391 4262 406 4298 a
427 4244 584 4300 mateze
648 4249 682 4300 27
702 4263 780 4300 uerus
799 4263 850 4302 one.
871 4249 881 4302 l
949 4249 983 4302 28
1003 4247 1082 4315 Quid,
1100 4252 1283 4320 superscripto

132 4349 164 4386 nr.
184 4336 204 4388 2
224 4337 299 4395 ute
