3136 4928
397 460 450 513 De
485 461 682 516 ciuitate
711 460 773 516 dei
801 461 866 516 lib.
890 461 936 520 XI.
961 479 1037 532 cap.
1063 464 1087 518 5.
1246 465 1311 530 517

641 656 778 723 CAPUT
801 657 839 723 V.

165 796 256 861 Tam
284 816 357 861 non
387 815 476 861 esse
506 797 768 883 cogitandum
798 799 842 864 de
869 798 1055 864 infinitis
1088 806 1313 883 temporum

166 903 317 986 spatiis
346 906 437 968 ante
465 904 663 982 mundum,
688 925 803 987 quem
831 925 900 970 neo
929 905 974 970 de
1002 905 1186 972 infinitis
1210 905 1314 970 loco·

165 1029 246 1074 rum
276 1011 428 1094 spatiis
458 1015 570 1076 extra
597 1012 795 1091 mundum,
820 1012 923 1096 quia,
950 1012 1061 1077 sicut
1083 1013 1199 1077 nulla
1222 1015 1313 1076 ente

135 1133 148 1170 ⁵
249 1117 381 1200 ipsum
406 1120 501 1182 sunt
523 1121 716 1201 tempore,
739 1118 800 1183 ita
822 1120 936 1182 nulle
960 1122 1072 1184 extra
1094 1120 1228 1202 ipsum

635 1227 729 1290 sunt
751 1225 848 1290 loca.

210 1364 332 1430 Deinde
364 1363 536 1429 uidendum
571 1367 629 1443 est,
657 1365 723 1442 isti,
752 1366 806 1448 qui
838 1366 942 1430 Deum
976 1366 1171 1431 conditorem
1205 1366 1315 1430 mundi

167 1490 238 1536 esse
266 1471 469 1536 consentiunt
497 1474 529 1536 et
556 1475 661 1535 tamen
690 1476 846 1554 quaerunt
873 1473 910 1536 de
938 1473 1048 1538 mundi
1072 1475 1214 1556 tempore
1239 1472 1314 1555 quid

166 1578 424 1661 respondeamus
445 1567 521 1661 quid
544 1578 605 1662 ipsi
628 1579 837 1661 respondeant
860 1580 898 1644 de
922 1581 1033 1645 mundi
1054 1581 1136 1646 loco.
1159 1579 1209 1644 Ita
1231 1578 1314 1643 enim

123 1685 337 1767 requaeritur,
363 1705 443 1769 quur
464 1686 572 1768 potius
595 1688 673 1750 tuno
698 1688 730 1750 et
752 1704 813 1750 non
837 1690 929 1774 antea
951 1687 1056 1751 sactus
1080 1686 1132 1766 sit,
1158 1705 1251 1768 quem
1275 1685 1314 1750 ad

168 1792 295 1856 modum
320 1792 432 1874 quaeri
460 1795 577 1874 potest,
602 1811 683 1874 quur
710 1792 761 1856 hic
789 1793 897 1874 potius
926 1794 981 1857 ubi
1010 1797 1059 1859 est
1087 1796 1120 1858 et
1142 1813 1203 1857 non
1227 1793 1314 1859 alibi.

167 1899 247 1963 Nam
282 1899 309 1962 si
341 1887 463 1964 infinita
496 1899 599 1982 spatia
630 1898 782 1982 temporis
817 1902 888 1964 ante
921 1900 1075 1965 mundum
1104 1900 1255 1984 cogitant,
1283 1899 1315 1962 in

168 2004 283 2087 quibus
308 2004 354 2068 eis
377 2023 438 2070 non
462 2004 590 2069 uidetur
613 2005 699 2069 Deus
723 2005 761 2068 ab
786 2024 879 2088 opere
903 2025 1027 2070 cessere
1050 2005 1204 2088 potuisse,
1229 2005 1315 2069 simi-

167 2113 245 2176 liter·
264 2111 407 2194 cogitent
429 2113 515 2176 entre
538 2111 691 2176 mundum
715 2109 838 2176 infinita
857 2113 960 2195 spatia
977 2112 1131 2188 locorum,
1150 2112 1181 2175 in
1201 2111 1316 2195 quibus

124 2236 148 2275 rs
168 2216 196 2281 si
224 2217 394 2300 quisquam
421 2217 506 2282 dicat
534 2237 595 2282 non
618 2218 763 2300 potuisse
786 2237 899 2283 uacare
923 2217 1191 2302 Omnipotentcm
1214 2237 1316 2282 nonne

168 2342 364 2406 consequens
394 2325 461 2400 erit,
486 2328 522 2390 nt
550 2325 794 2389 innumerabiles
818 2325 952 2390 mundos
977 2344 1048 2390 cum
1073 2325 1209 2406 Epicuro
1235 2344 1316 2389 som-

167 2431 253 2496 niare
283 2434 436 2514 cogantur
458 2432 509 2514 (ea
536 2435 660 2496 tantum
690 2431 874 2508 differentia,
900 2431 983 2514 quod
1012 2451 1065 2497 eos
1093 2431 1147 2496 ille
1175 2430 1316 2496 fortuitis

167 2537 309 2602 motibus
337 2540 516 2603 atomorum
544 2538 632 2622 gigni
655 2537 774 2603 adserit
801 2542 834 2603 et
860 2538 989 2616 resolui,
1013 2539 1069 2602 isti
1093 2541 1200 2602 antem
1224 2557 1317 2621 opere

167 2644 227 2708 Dei
254 2643 356 2709 factos
383 2643 499 2709 dicturi
527 2643 626 2731 sunt),
651 2645 678 2709 si
702 2663 774 2709 eum
797 2664 854 2728 per
880 2644 1146 2710 interminabilem
1169 2643 1316 2710 inmensi-

123 2771 150 2812 so
166 2753 268 2815 tatem
290 2750 434 2816 locorum
458 2755 543 2816 extra
565 2751 717 2817 mundum
743 2753 989 2834 circumquaque
1008 2751 1185 2834 petentium
1205 2769 1318 2815 uacare

167 2860 339 2936 noluerint,
362 2879 419 2925 nec
448 2858 574 2924 eosdem
605 2859 749 2936 mundos,
774 2858 856 2941 quod
887 2859 983 2923 etiem
1011 2858 1049 2922 de
1077 2858 1140 2922 isto
1164 2856 1316 2936 sentiunt,

167 2969 236 3033 ulla
253 2986 351 3033 causa
369 2987 462 3050 posse
481 2966 637 3032 dissolui?
661 2965 741 3031 Cum
760 2965 810 3030 his
830 2966 914 3029 enim
934 2965 1069 3050 agimus,
1089 2965 1142 3048 qui
1163 2969 1195 3030 et
1214 2964 1316 3029 Deum

167 3076 386 3157 incorporeum
409 3076 441 3138 et
464 3073 605 3138 omnium
628 3077 821 3149 naturarum,
842 3092 922 3155 quae
945 3092 1007 3138 non
1032 3075 1107 3137 sunt
1129 3071 1214 3154 quod
1235 3071 1316 3152 ipse,

169 3183 340 3246 creatorem
378 3179 545 3245 nobiscum
578 3179 734 3254 sentiunt;
773 3178 853 3243 alios
886 3181 992 3243 eutem
1026 3178 1120 3242 nimis
1151 3177 1316 3261 indignum

123 3307 150 3347 ru
169 3291 219 3353 est
243 3287 282 3352 ad
305 3289 399 3352 istam
424 3284 672 3369 disputationem
696 3285 858 3370 religionis
883 3285 1059 3362 admittere,
1078 3284 1214 3348 maxime
1232 3282 1318 3364 quod

169 3399 247 3478 aput
283 3415 349 3472 eos,
382 3393 436 3477 qui
473 3393 584 3458 multis
617 3393 667 3458 dis
700 3411 860 3458 sacrorum
893 3390 1081 3474 obsequium
1114 3389 1317 3455 deferendum

168 3504 293 3586 putant,
321 3501 376 3566 isti
408 3500 616 3584 philosophos
651 3504 771 3564 ceteros
799 3497 965 3563 nobilitate
995 3497 1095 3579 adque
1128 3497 1317 3561 auctoritate

170 3609 324 3684 uicerunt,
359 3627 419 3673 non
453 3608 491 3672 ob
525 3605 623 3684 aliud,
651 3605 713 3670 nisi
746 3605 819 3688 quia
850 3605 947 3688 longo
980 3602 1105 3686 quidem
1138 3601 1317 3678 interuallo,

169 3733 282 3779 uerum
313 3717 420 3778 tamen
451 3713 583 3794 reliquis
617 3710 854 3795 propinquiores
883 3713 959 3775 sunt
985 3708 1124 3774 ueritati.
1161 3709 1209 3774 dn
1237 3707 1317 3773 forte

206 3977 224 4032 4
242 3980 274 4030 nt
288 3975 379 4029 editur
397 3973 460 4039 Voq·
476 3973 562 4027 uerba
575 3971 639 4026 trodo
655 3989 673 4026 a
687 3971 783 4042 spatiis
797 3987 853 4040 sqq.
869 3989 920 4026 om.
931 3988 952 4040 p
962 3988 1003 4040 qo
1058 3971 1073 4022 7
1093 3969 1140 4022 isti
1158 3967 1218 4023 Va¹
1228 3985 1242 4022 ι
1252 3968 1262 4022 t
1272 3987 1289 4020 α
1297 3973 1321 4034 f

170 4091 286 4160 Domt.;
311 4090 372 4144 istis
397 4087 526 4158 o²ttpo
615 4089 719 4142 8esse
741 4105 801 4158 sup.
827 4087 924 4142 nor
1012 4083 1271 4156 9respondetupus
1294 4083 1321 4135 V

173 4183 206 4238 10
225 4177 509 4258 quemammodumV
571 4179 604 4232 12
624 4177 647 4232 si
666 4179 761 4242 onnf
824 4177 856 4232 13
876 4175 1001 4230 similiter
1020 4173 1131 4245 ergof
1191 4173 1224 4227 14
1244 4173 1316 4241 cogi·

170 4275 233 4326 tant
251 4269 312 4324 bel
365 4270 401 4324 20
418 4267 583 4338 patentium]
603 4267 795 4336 petientinmt
849 4267 883 4320 25
903 4265 1088 4320 ammitteret
1141 4264 1175 4317 27
1193 4260 1318 4315 nobitate

175 4361 224 4426 V¹,·
242 4359 367 4414 nouitate
390 4355 427 4411 V²
