3072 4930
366 371 416 446 De
445 371 620 426 ciuitate
649 371 863 430 delitui.
893 375 1032 445 cap.13.
1208 377 1273 442 239

115 568 193 631 eius
228 565 329 630 saluti
363 585 439 630 suae
467 585 655 648 praeponere
683 586 744 632 non
770 567 1005 647 dubitauerunt,
1039 589 1095 652 pro
1123 569 1186 636 isto
1214 589 1276 636 uuo

116 673 217 750 uitio,
242 671 274 736 id
300 675 351 737 est
372 691 478 737 amore
501 673 616 750 laudis,
640 674 793 755 pecunias
817 675 1024 758 cupiditatem
1044 679 1077 742 et
1095 678 1197 742 murita
1215 677 1278 742 aliu

116 781 205 845 uitia
229 780 473 863 conprimentes.
510 780 592 845 Num
617 780 724 845 sanius
749 781 847 859 uidet,
872 783 927 866 qui
950 785 981 847 at
1004 801 1142 848 amorem
1170 783 1275 848 laudis

118 887 242 953 uitium
280 905 351 952 esse
388 887 561 971 cognoscit,
599 887 684 970 qnod
721 907 779 953 nec
814 892 942 972 poetam
974 889 1059 974 fugit
1096 889 1275 972 Horatium,

83 995 178 1077 oqui
204 995 265 1060 ait:

259 1123 368 1181 Laudis
393 1137 490 1180 amore
513 1125 621 1180 tumes:
646 1125 715 1181 sunt
733 1123 813 1181 certa
835 1121 961 1196 piacula,
987 1139 1059 1198 quae
1084 1127 1112 1182 te

259 1211 315 1270 Ter
337 1229 407 1286 pure
429 1212 504 1270 lecto
527 1213 667 1285 poterunt
689 1229 820 1270 recreare
842 1212 951 1272 libello.

120 1333 277 1414 idemque
310 1331 342 1395 in
373 1330 509 1395 carmine
542 1331 640 1412 lyrico
670 1331 707 1394 sd
736 1331 965 1414 reprimendam
995 1330 1174 1396 dominandi
1201 1332 1274 1396 libi·

122 1440 229 1504 dinem
253 1438 300 1501 ita
323 1436 454 1502 cecinit:

76 1583 104 1622 ro
393 1566 494 1625 Latius
518 1583 622 1638 regnes
646 1565 764 1624 auidum
789 1565 932 1624 domando

392 1655 539 1728 Spiritum,
564 1671 650 1727 qnam
674 1655 699 1712 si
723 1655 843 1730 Libyam
868 1653 984 1712 remotis

393 1744 521 1802 Gadibus
544 1743 650 1817 iungas
675 1745 703 1801 et
726 1747 847 1818 uterque
870 1745 988 1802 Poenus

528 1833 641 1891 Seruiat
663 1833 724 1894 nni.

122 1953 243 2018 Uerum
275 1953 381 2015 tamen
405 1952 459 2034 qui
490 1950 640 2016 libidines
672 1951 830 2034 turpiores
857 1949 919 2015 fide
947 1951 1077 2033 pietatis
1109 1951 1270 2035 inpetrato

79 2079 105 2121 us
124 2057 247 2142 Spiritu
271 2059 380 2123 sancto
405 2061 438 2122 et
461 2076 566 2122 amore
589 2058 810 2142 intellegibilis
832 2056 1079 2140 pulchritudinis
1099 2077 1161 2122 non
1181 2059 1274 2123 refro-

122 2168 206 2243 nant,
231 2165 347 2229 melius
371 2165 485 2230 saltem
509 2164 683 2248 cupiditate
705 2165 862 2228 humanae
885 2145 990 2228 laudis
1016 2167 1047 2228 et
1071 2164 1189 2247 gloriae
1212 2185 1272 2230 non

123 2271 250 2353 quidem
284 2271 347 2336 iam
380 2271 493 2348 sancti,
527 2271 583 2335 sed
615 2271 721 2335 minus
749 2274 858 2354 turpes
890 2273 973 2335 sunt.
1018 2271 1124 2335 Etiam
1148 2271 1273 2336 Tullius

122 2377 194 2442 hinc
219 2375 421 2441 dissimulare
448 2396 509 2441 non
537 2377 643 2458 potuit
669 2377 702 2440 in
732 2375 851 2441 eisdem
881 2377 970 2441 libris
995 2397 1075 2459 quos
1099 2379 1136 2440 de
1160 2397 1193 2440 re
1216 2397 1273 2458 pu-

122 2484 204 2549 blica
233 2483 372 2567 scripsit,
405 2483 460 2547 ubi
488 2484 631 2566 loquitur
658 2483 696 2547 de
724 2483 920 2548 instituendo
949 2484 1090 2567 principe
1119 2483 1271 2564 ciuitatis,
1330 2531 1331 2535 η

78 2613 105 2654 ao
124 2610 215 2672 quem
237 2590 316 2655 dicit
341 2589 488 2654 slendum
516 2607 586 2654 esse
606 2589 716 2674 gloria,
742 2593 774 2654 et
800 2593 1028 2673 consequenter
1047 2592 1273 2654 commemorat

123 2697 255 2762 maiores
289 2715 366 2762 suos
399 2695 500 2760 multu
531 2695 612 2760 mira
640 2695 742 2778 adque
770 2696 930 2777 praeclara
954 2696 1073 2780 gloriae
1097 2695 1271 2779 cupiditate

122 2803 246 2869 secisse.
292 2803 378 2867 Huic
401 2802 500 2886 igitur
523 2801 603 2866 uitio
628 2821 688 2866 non
713 2804 818 2866 solum
842 2821 903 2867 non
926 2802 1128 2880 resistebant,
1159 2821 1270 2868 uerum

123 2910 217 2974 etiam
241 2910 274 2974 id
299 2908 496 2974 excitandum
523 2911 555 2972 et
578 2908 811 2973 accendendum
832 2928 902 2973 esse
922 2909 1102 2986 censebant,
1122 2911 1271 2991 putantes

121 3017 181 3082 hoc
208 3017 288 3082 utils
318 3035 390 3081 esse
418 3017 464 3080 rei
492 3015 650 3099 publicae.
699 3014 898 3097 Quamquam
932 3034 989 3081 nec
1012 3015 1043 3079 in
1066 3016 1145 3098 ipsis
1170 3015 1269 3098 philo·

80 3147 105 3187 aa
123 3125 251 3209 sophiae
273 3123 365 3190 libris
390 3122 516 3188 Tullius
541 3123 580 3188 ab
604 3122 663 3187 bno
686 3125 776 3206 peste
801 3122 993 3200 dissimulet,
1026 3121 1081 3186 ubi
1106 3141 1175 3186 eam
1197 3122 1269 3186 luce

208 3351 224 3405 6
242 3347 294 3418 Ep.
316 3349 339 3412 l,
360 3348 383 3410 l,
402 3348 437 3402 36
456 3365 495 3417 sq.
553 3347 586 3402 10
605 3346 634 3403 C.
654 3347 691 3414 H,
710 3349 735 3412 2,
755 3348 849 3418 seqq.
910 3347 943 3401 19
963 3347 1022 3402 Lib.
1043 3347 1067 3400 V

157 3491 243 3544 luno
262 3490 330 3544 uitio
349 3487 598 3558 m.1sup.lin.0
650 3486 845 3558 2peeunae0
897 3488 1048 3542 3ssnusa
1102 3485 1269 3557 4poetaC¹

121 3581 185 3631 orat
208 3575 232 3631 0
239 3576 282 3632 de
344 3578 481 3632 dtamen:
501 3575 576 3644 sunt]
596 3579 753 3630 tumescunt
773 3576 813 3630 dc
868 3577 963 3629 reum
982 3575 1069 3640 ltrG
1137 3580 1268 3644 tempore,

119 3668 150 3720 ira
165 3683 252 3737 marp.
273 3667 309 3720 sl.
327 3667 347 3736 q
365 3669 394 3720 te
413 3669 456 3719 ter
473 3664 585 3735 pared
645 3664 678 3718 10
696 3663 839 3718 latiumO
909 3663 1018 3718 abidum
1037 3662 1109 3717 1111ι
1181 3661 1267 3716 domi·

119 3759 207 3810 nando
227 3753 357 3824 110629ι
371 3757 407 3822 f,·
426 3751 581 3808 dommsndi
600 3752 623 3808 c¹
681 3752 855 3807 14111111)
912 3754 945 3807 15
964 3750 1149 3821 iutelligiuilis
1167 3751 1207 3817 L;
1225 3751 1266 3804 in-

119 3871 354 3941 telligeptibilise
408 3869 527 3924 refrenat
540 3869 578 3923 L¹
636 3869 668 3924 18
686 3869 761 3938 hinc]
781 3868 891 3936 homoq
920 3823 1106 3954 jlleisdemO
1158 3868 1192 3922 19
1211 3869 1266 3920 stu·

118 3995 218 4050 tuendo
238 4015 257 4046 α
312 3996 344 4049 21
365 3994 451 4048 multa
470 3977 573 4064 gloriae
591 3977 660 4048 mira
678 3993 740 4064 adq.
760 3993 898 4063 praeclara
917 3976 1067 4062 cupiditate
1084 3991 1152 4055 LA,
1172 3996 1265 4045 trans·

116 4085 263 4152 positionis
280 4083 362 4153 εἰφηα
378 4083 410 4136 iu
427 4083 453 4138 L
471 4099 506 4137 m.
522 4085 542 4137 2
559 4082 746 4152 superscripta
764 4087 844 4148 suum
860 4081 892 4134 iu
911 4083 935 4135 Δ
953 4080 1056 4149 gloriae
1075 4097 1108 4134 m.
1124 4083 1144 4132 2
1162 4079 1266 4132 lineola

119 4173 206 4228 deleto
225 4177 251 4226 et
268 4189 350 4242 super
369 4170 518 4241 cupiditate
537 4171 643 4240 empto
661 4176 699 4226 est
753 4171 787 4224 22
807 4170 902 4240 igitur]
924 4185 987 4238 crgo
1002 4185 1049 4237 pv
1120 4167 1266 4222 resistebat

121 4261 150 4314 0¹
223 4277 317 4314 uerum
330 4303 442 4317 .......
453 4257 600 4314 censebant
618 4275 669 4314 om.
690 4277 703 4314 c
757 4260 791 4313 23
811 4257 992 4312 accedendum
1012 4256 1034 4310 0
