3108 4926
369 425 419 480 na
447 425 622 480 erarem
651 402 714 480 aei
740 425 806 482 rin.
835 425 881 482 v1.
910 442 986 498 esp.
1017 429 1040 482 1.
1205 430 1276 496 '269

116 637 241 701 aquam
268 619 435 698 habemus,
463 619 523 686 hoc
548 638 567 684 a
593 620 710 686 Libero
734 623 816 704 pete,
844 621 949 704 possit
975 625 1061 688 recte
1089 621 1206 688 dicere:
1241 621 1275 688 Si

115 725 237 790 uinum
264 745 326 790 non
354 726 490 802 hahetis,
514 727 628 793 saltem
652 727 724 792 date
747 727 825 792 mihi
850 727 949 792 uitam
973 732 1153 794 aeternam?
1192 727 1276 809 Quid

115 832 179 895 hac
202 831 401 898 absurditate
420 833 678 900 monstruosius?
696 831 808 898 Nonne
827 833 900 898 illae
921 834 1142 900 cachinnantes
1158 834 1278 920 (solent

117 937 210 1002 enim
238 957 311 1004 esse
339 938 378 1003 ad
406 939 507 1004 risum
534 936 669 1024 faciles),
693 939 721 1004 si
745 958 806 1003 non
830 937 991 1004 adfectent
1013 941 1121 1006 fallere
1143 944 1182 1006 ut
1205 941 1276 1005 dae·

86 1061 247 1118 smones,
273 1043 409 1128 supplici
436 1043 685 1127 respondebunt:
716 1042 742 1108 Ο
771 1044 877 1122 homo,
900 1049 1035 1128 putasne
1062 1045 1094 1110 in
1118 1051 1276 1129 potestate

117 1169 180 1214 nos
207 1151 325 1215 hahere
348 1151 460 1226 uitem,
481 1169 559 1233 quas
580 1149 670 1215 audis
690 1169 751 1216 uon
771 1149 886 1216 habere
905 1152 958 1216 uel
977 1152 1098 1218 uitem?
1120 1153 1276 1236 Inpuden-

117 1257 272 1321 tissimae
303 1255 403 1342 igitur
435 1256 592 1322 stultitiae
625 1259 674 1322 est
706 1255 806 1322 uitam
839 1263 997 1324 aeternam
1026 1277 1044 1322 a
1071 1257 1190 1324 talibus
1227 1258 1275 1324 dis

118 1367 232 1446 petere
263 1363 317 1428 uel
344 1382 479 1445 sperare,
509 1363 563 1445 qui
596 1364 681 1429 uitae
715 1363 811 1428 huius
844 1363 1140 1430 aerumnosissimae
1173 1365 1275 1448 adque

118 1469 335 1534 breuissimae
359 1472 392 1534 et
412 1469 440 1536 si
464 1469 584 1552 quaed
603 1489 672 1536 eam
691 1470 849 1553 pertinent
867 1469 1154 1536 adminiculandam
1173 1471 1276 1554 adque

76 1605 102 1642 ιο
120 1574 319 1641 fulciendam
346 1573 392 1640 ita
415 1575 558 1660 singulas
581 1577 753 1658 particulas
777 1577 861 1642 tueri
884 1577 1082 1654 adseruntur,
1107 1583 1153 1659 ut,
1179 1578 1206 1643 si
1232 1578 1275 1656 id,

122 1683 211 1765 quod
240 1683 302 1748 suh
330 1681 461 1750 alterius
489 1684 592 1748 tutela
620 1702 655 1748 ac
683 1685 842 1765 potestate
871 1685 930 1760 est,
953 1687 1080 1766 potatur
1103 1684 1141 1748 ah
1167 1684 1275 1763 altero,

121 1793 191 1854 tam
226 1789 273 1854 sit
304 1789 527 1854 inconuoniens
559 1793 592 1853 et
624 1789 807 1867 absurdum,
840 1791 877 1854 ut
909 1789 1056 1855 mimicae
1091 1791 1275 1856 scurrilitati

122 1898 276 1966 uideatur
304 1915 373 1964 esse
400 1897 611 1966 simillimum.
645 1895 737 1976 Quod
762 1915 835 1962 cum
858 1896 895 1961 fit
918 1917 936 1962 a
959 1897 1134 1962 scientibus
1157 1897 1275 1977 mimis,

124 2005 222 2090 digne
250 2003 394 2070 ridentur
419 2003 451 2068 in
479 2003 618 2078 theatrm
652 2023 724 2068 cum
757 2020 833 2068 uero
863 2022 881 2068 a
906 2003 1122 2068 nescientibus
1155 2004 1276 2083 stultis,

81 2135 106 2174 rs
125 2110 258 2194 dignius
287 2109 463 2174 inridentur
490 2112 521 2174 in
546 2109 673 2176 mundo.
710 2109 769 2175 Cui
793 2127 866 2193 ergo
892 2109 949 2175 deo
974 2109 1024 2174 uel
1049 2108 1126 2174 deae
1148 2113 1277 2192 propter

125 2217 204 2299 quid
233 2216 479 2300 supplicaretur,
504 2217 655 2298 quantum
679 2216 719 2280 ad
741 2215 815 2280 illos
840 2214 915 2280 deos
939 2214 1062 2281 adtinet
1084 2235 1162 2296 quos
1186 2215 1277 2280 insti·

125 2326 262 2388 tuerunt
292 2323 452 2399 ciuitates,
485 2342 503 2386 a
535 2321 637 2388 doctis
671 2321 815 2386 sollerter·
846 2323 1011 2386 inuentum
1046 2321 1276 2404 memoriaeque

125 2430 312 2496 mandatum
338 2432 401 2495 est:
431 2429 508 2513 quid
532 2428 696 2503 thihero,
720 2427 810 2494 uerbi
836 2427 946 2511 gratia,
971 2426 1047 2510 quid
1072 2447 1090 2493 a
1112 2427 1275 2512 Lymphis,

125 2535 205 2618 quid
234 2535 413 2601 aVulcano
442 2554 479 2600 ac
507 2535 554 2600 sio
582 2554 599 2599 a
628 2534 752 2610 ceteris,
778 2552 858 2616 quos
885 2534 1001 2617 partim
1030 2534 1276 2599 commemoraui

82 2671 107 2710 aa
123 2643 156 2706 in
177 2645 291 2725 quarto
309 2641 401 2720 libro,
421 2641 535 2725 partim
553 2640 798 2724 praetereundos
817 2640 939 2723 putaui.
963 2641 1060 2706 Porro
1081 2639 1107 2704 si
1128 2660 1146 2704 a
1165 2640 1276 2706 Cerere

125 2749 251 2826 uinum,
274 2769 294 2814 a
315 2749 427 2814 Libero
451 2766 574 2830 panem,
599 2747 777 2814 aVulcano
802 2766 926 2830 aquam,
951 2765 969 2810 a
992 2747 1144 2830 Lymphis
1168 2747 1275 2831 ignem

126 2860 235 2938 petere
264 2855 376 2920 erroris
406 2859 469 2920 est:
497 2857 613 2937 quanto
642 2853 769 2920 maioris
798 2853 997 2920 deliramenti
1029 2873 1099 2920 esse
1130 2853 1276 2937 intellegi

127 2963 233 3040 dehet,
258 2963 286 3028 si
310 2964 459 3045 cuiquam
482 2961 617 3026 istorum
640 2979 695 3045 pro
719 2962 787 3026 uita
810 2961 1007 3044 supplicetur
1030 2963 1167 3024 aeterna!

174 3068 278 3148 Quam
302 3069 341 3134 oh
365 3089 432 3134 rem
456 3070 494 3144 si,
515 3087 586 3133 cum
612 3068 650 3132 de
673 3087 769 3153 regno
788 3071 912 3134 terreno
932 3085 1162 3151 quaereremus,
1182 3085 1277 3148 quos-

84 3205 109 3242 a
128 3196 202 3242 nam
229 3177 311 3242 illud
340 3175 415 3242 deos
443 3176 496 3242 nel
525 3175 599 3240 deas
627 3175 809 3240 hominibus
842 3173 1032 3240 credendum
1065 3177 1151 3238 esset
1181 3192 1277 3255 posse

128 3284 281 3358 conterre,
301 3283 454 3350 discussis
479 3282 627 3348 omnibus
649 3282 744 3366 longe
768 3281 906 3346 alienum
930 3299 949 3344 a
971 3280 1106 3345 ueritate
1123 3283 1277 3346 monstra-

127 3394 198 3456 tum
214 3393 296 3454 esta
312 3409 470 3474 quoquam
484 3389 619 3454 istorum
634 3389 808 3454 multorum
823 3387 989 3452 numinum
1007 3385 1109 3469 adque
1125 3385 1277 3450 falsorum

219 3599 238 3652 4
257 3597 337 3666 Verg.
355 3595 414 3652 uel.
432 3598 458 3660 3,
478 3598 494 3652 9

167 3740 180 3792 1
201 3741 296 3809 posset
318 3735 342 3791 0
402 3738 419 3790 2
437 3737 528 3791 saltim
552 3735 586 3791 0²
646 3739 662 3792 3
681 3735 876 3791 monstruosius
897 3753 914 3788 a
926 3735 1080 3804 delpqn;
1099 3734 1277 3788 monstrosius

132 3827 272 3882 ODomb.
364 3825 428 3880 illae
446 3825 533 3881 om.b
625 3826 730 3880 ercach.
750 3844 767 3876 α
839 3823 1063 3894 dsuppliciterl
1149 3823 1177 3875 in
1196 3822 1278 3876 onul
1337 3893 1345 3900 Ι

132 3943 309 3996 lammina
364 3943 397 3996 10
417 3941 575 3996 adseruntl
630 3941 663 3994 12
682 3905 991 3995 minuicascurilitatel
1053 3940 1086 3993 13
1105 3955 1121 3992 a
1142 3937 1225 4005 uera·
1242 3937 1276 3992 ab

1229 4009 1235 4042 l

133 4059 222 4128 otlp
241 4057 481 4126 Domd.,·at)aq
555 4059 587 4112 16
610 4058 761 4111 attinente
834 4057 866 4110 17
895 4055 1016 4109 ciuitatis
1038 4053 1069 4108 0¹
1161 4051 1280 4108 doctiG'

133 4149 172 4202 19.
190 4150 222 4202 21
244 4147 367 4214 uulgano
387 4146 438 4200 ud
510 4147 543 4200 19
562 4147 803 4200 commemoraui..
817 4145 930 4215 partim
950 4160 1001 4198 om.
1021 4143 1043 4198 c*
1118 4142 1279 4212 repraeter

132 4236 239 4300 enudus,
259 4238 370 4306 praeter
387 4251 447 4304 sup.
468 4233 516 4289 liu.
539 4235 563 4290 G
615 4237 646 4289 21
669 4235 787 4304 avale]
808 4237 856 4288 aut
874 4232 986 4288 uulcO
1039 4233 1073 4287 26
1093 4230 1277 4306 φῃιξοιῃηίὴιιί,

131 4343 171 4381 om
188 4327 221 4380 ἐπ
230 4325 294 4395 flue
307 4339 404 4378 ueram
422 4323 507 4388 delet..
532 4324 555 4378 0
