3108 4926
382 435 433 489 De
462 435 634 490 ciuitate
664 434 724 488 dei
748 434 814 488 lib.
833 433 894 488 Vll.
922 451 997 505 cap.
1017 435 1043 489 3.
1224 438 1290 502 305

137 632 245 698 selecti
274 631 421 696 destituti
448 630 579 708 familia,
603 632 640 693 ut
668 647 728 694 non
756 629 935 694 inuenirent
963 629 1079 710 quibus
1104 628 1201 693 etiam
1224 629 1287 712 ipsi

136 741 195 806 ista
219 739 465 812 committerent,
490 736 546 800 sed
570 755 642 800 cum
667 738 735 800 tota
759 755 817 800 sua
840 735 1017 812 nobilitate,
1039 755 1101 817 qua
1124 736 1188 799 uisi
1211 740 1287 800 sunt

136 845 300 930 seligendi,
317 863 397 928 opus
411 844 514 910 facere
530 863 602 908 cum
622 842 817 927 ignobilibus
838 845 1046 926 cogerentur?
1070 843 1148 906 luno
1169 842 1286 906 selecta

136 957 166 1016 et
191 951 304 1036 regina
327 953 478 1033 Iouisque
507 953 539 1015 et
566 969 655 1016 soror
678 953 710 1014 et
733 949 882 1025 coninn13
912 949 989 1013 baec
1012 953 1116 1013 tamen
1140 948 1288 1013 Iterduca

107 1063 184 1124 sest
206 1059 314 1141 pueris
339 1061 370 1122 et
394 1077 473 1141 opus
497 1057 574 1122 facit
597 1077 670 1122 cum
694 1056 812 1121 deabus
836 1055 1078 1140 ignobilissimis
1102 1055 1232 1120 Abeona
1256 1059 1288 1120 et

134 1164 272 1230 Adeone.
312 1164 362 1228 lbi
389 1169 564 1247 posuerunt
592 1168 624 1229 at
651 1165 791 1229 Mentem
821 1163 923 1241 deam
948 1183 1028 1247 quae
1055 1163 1153 1228 iaciat
1179 1164 1287 1249 pueris

134 1272 248 1337 bonam
273 1274 423 1350 mentem,
445 1276 477 1336 et
499 1272 582 1336 inter
605 1271 742 1336 selectos
766 1271 829 1334 ista
848 1287 908 1334 non
928 1271 1066 1352 ponitur,
1087 1270 1178 1353 quasi
1197 1270 1287 1352 quid·

135 1397 228 1461 quam
261 1377 366 1443 maius
399 1379 553 1461 praestari
585 1377 706 1444 bomini
738 1380 859 1460 potest;
897 1377 1026 1459 ponitur
1058 1379 1164 1440 antem
1196 1378 1286 1453 Iuno,

135 1485 207 1566 quia
234 1483 383 1548 Iterduoa
412 1487 462 1549 est
490 1487 521 1550 et
552 1483 737 1561 Domiduca‚
766 1483 857 1565 quasi
890 1483 1063 1566 quidquam
1095 1483 1197 1566 prosit
1227 1483 1289 1548 iter

95 1617 117 1654 o
135 1609 259 1674 carpere
284 1593 317 1654 et
340 1590 468 1655 doraum
495 1591 577 1668 duci,
599 1591 626 1654 si
649 1609 738 1656 mens
762 1611 823 1656 non
848 1595 897 1656 ost
918 1592 1011 1668 bona,
1032 1591 1123 1656 cuius
1148 1592 1287 1656 muneris

135 1697 223 1762 deam
255 1697 427 1762 selectores
454 1698 510 1762 isti
537 1698 620 1761 inter
647 1699 767 1762 selecta
793 1699 922 1762 numina
945 1698 1076 1762 minime
1099 1702 1285 1779 posuerunt.

135 1801 221 1882 Quae
249 1804 393 1886 prolecto
422 1807 454 1868 et
481 1804 645 1868 Mineruae
678 1805 781 1869 fuerat
811 1804 1024 1886 praeferenda,
1054 1804 1106 1869 cui
1137 1823 1193 1887 per
1224 1805 1288 1870 ista

133 1910 257 1974 minuta
296 1927 388 1992 opera
424 1929 593 1992 puerorum
632 1910 816 1976 memoriam
852 1911 1042 1976 tribuerunt.
1086 1911 1165 1991 Quis
1202 1911 1286 1976 euim

134 2015 261 2081 dubitet
297 2016 399 2081 multo
438 2036 508 2082 esse
547 2017 662 2082 melius
700 2017 815 2082 babere
851 2018 966 2082 bonam
1008 2021 1148 2082 mentem
1190 2036 1285 2100 quam

94 2123 319 2188 rememoriam
351 2123 587 2205 quantumlibet
617 2123 800 2208 ingentem?
838 2122 939 2188 Nemo
972 2123 1054 2188 enim
1088 2123 1192 2188 malus
1225 2131 1284 2202 est,

135 2230 188 2311 qui
220 2229 336 2294 bonam
368 2229 465 2294 habet
496 2233 649 2303 mentem;
688 2230 817 2312 quidam
849 2249 924 2295 uero
964 2230 1097 2314 pessimi
1133 2230 1286 2295 memoria

135 2339 208 2400 suut
231 2335 380 2414 mirabili,
403 2337 490 2401 tante
515 2336 637 2418 peiores
663 2339 778 2417 quanto
803 2337 910 2402 minue
933 2341 1068 2420 possunt
1091 2337 1177 2418 quod
1201 2337 1284 2400 male

136 2443 277 2526 cogitant
301 2442 460 2508 obliuisci.
493 2442 534 2506 Et
557 2446 663 2507 tamen
687 2443 831 2508 Minerua
854 2446 904 2508 est
925 2443 1007 2508 inter
1032 2445 1168 2509 selectos
1192 2443 1283 2518 deos;

134 2548 276 2613 Mentem
309 2551 416 2614 autem
449 2549 538 2613 deam
572 2549 665 2613 turba
697 2549 772 2614 uilis
804 2549 939 2632 operuit.
982 2547 1066 2627 Quid
1095 2549 1133 2612 de
1157 2548 1283 2613 Virtute

95 2681 118 2720 so
137 2654 259 2719 dicam?
288 2655 363 2737 quid
392 2655 431 2720 de
459 2654 647 2719 Felicitate?
672 2655 710 2718 de
739 2655 856 2737 quibus
883 2655 915 2718 in
945 2657 1057 2738 quarto
1085 2654 1165 2719 libro
1193 2656 1285 2738 plura

136 2760 197 2826 iam
221 2761 373 2837 diximus3
399 2781 478 2845 quas
498 2781 571 2826 cum
591 2761 666 2826 deas
685 2761 848 2840 haberent,
868 2762 991 2826 nullum
1012 2761 1058 2826 eis
1078 2761 1185 2826 locum
1203 2762 1284 2825 inter

137 2869 270 2933 selectos
304 2868 378 2933 deos
412 2867 484 2932 dare
517 2869 698 2946 uoluerunt,
728 2867 783 2932 ubi
816 2867 970 2932 dederunt
1002 2868 1098 2933 Marti
1131 2871 1163 2932 et
1191 2867 1282 2944 Orco,

136 2975 188 3038 uni
212 2975 351 3039 effectori
374 2975 522 3040 mortium
547 2974 639 3039 alteri
662 2974 827 3058 receptori.

180 3080 260 3147 Corn
288 3079 387 3164 igitur
415 3083 445 3145 in
474 3081 524 3144 his
553 3081 684 3145 minutis
713 3081 872 3164 operibns,
902 3099 982 3162 qrrae
1019 3081 1199 3145 minutatim
1233 3081 1281 3146 dis

95 3214 120 3252 ss
136 3188 278 3268 pluribus
308 3187 479 3252 distributa
507 3193 591 3260 sunt,
617 3188 714 3252 etiam
738 3188 825 3271 ipsos
851 3189 987 3253 selectos
1011 3187 1179 3252 uideamus
1203 3189 1282 3251 tam-

136 3313 227 3376 quam
256 3296 403 3358 senatum
431 3313 505 3358 cum
536 3293 628 3376 plebe
661 3293 778 3378 pariter
812 3293 943 3377 operari,
973 3297 1005 3358 et
1036 3293 1235 3358 inueniamus
1264 3315 1283 3358 a

136 3399 324 3481 quibusdam
353 3399 412 3478 dis,
442 3401 496 3483 qui
525 3418 724 3482 nequaquam
752 3399 909 3484 seligendi
936 3400 1042 3483 putati
1071 3403 1155 3478 sunt,
1180 3402 1283 3465 multa

220 3617 257 3671 20
275 3633 297 3670 o.
316 3617 364 3680 21;
384 3617 418 3671 23

168 3760 184 3812 3
204 3757 344 3828 selegendi
363 3759 373 3811 t
428 3760 446 3814 4
465 3761 493 3812 et
512 3775 586 3812 soror
603 3758 637 3826 C;
657 3763 684 3814 et
702 3777 752 3813 om.
768 3759 826 3814 rell.
841 3775 856 3812 c
871 3759 969 3812 Domb.
1044 3759 1159 3812 coniunx
1180 3757 1253 3812 Coe
1258 3775 1280 3826 p

133 3840 294 3929 ddeonal
373 3875 524 3929 loelectes
544 3891 562 3928 a
653 3892 722 3945 quae
741 3876 819 3944 quasi
839 3891 857 3928 a
948 3875 1092 3943 quiequam
1114 3873 1149 3927 0²
1168 3879 1192 3940 (c
1211 3873 1280 3928 eard

132 3963 221 4034 com).
235 3962 293 4032 de,·
307 3963 435 4032 quiddam
450 3965 474 4031 t;
488 3979 538 4018 om.
554 3981 572 4016 o
617 3965 633 4017 8
648 3967 786 4034 praestare
800 3981 819 4018 α
873 3969 964 4033 potest
981 3965 1028 4016 Co
1041 3964 1056 4015 b
1068 3963 1086 4016 d
1095 3980 1109 4016 e
1119 3965 1155 4031 tp
1165 3981 1182 4031 q
1193 3983 1209 4015 α
1219 3963 1236 4016 t·
1246 3973 1279 4031 ,ἡ

132 4079 368 4148 possitvDomb.
388 4080 520 4146 (cfl149.
543 4083 651 4143 5.168,
674 4083 698 4133 4.
719 4084 787 4142 287,
810 4081 840 4144 9)
897 4079 929 4133 10
949 4045 1071 4148 carper⁰ea
1092 4077 1115 4132 G
1168 4077 1202 4132 13
1220 4094 1278 4131 mu-

132 4169 222 4222 nitae
276 4170 310 4222 20
329 4170 408 4238 plura
426 4167 518 4222 ormo
571 4168 812 4238 a1quaeom.01
867 4169 901 4222 23
922 4167 1076 4221 effectoria
1130 4167 1163 4220 25
1183 4167 1278 4236 etiami

133 4257 188 4310 etl
255 4258 290 4310 26
310 4259 436 4310 senatum
454 4271 514 4325 sup.
534 4257 614 4311 liar
677 4254 1280 4324 ulmumaneerpat,r;mu1t0pv

131 4345 227 4400 Domb.

157 4471 236 4511 lim
250 4471 308 4520 Aug.
324 4480 394 4520 opera
409 4469 484 4510 Sestio
501 4467 520 4508 V
535 4481 588 4520 pars
603 4471 622 4512 1.
1206 4451 1242 4505 20
