3072 4930
996 280 1137 486 Ὗς

627 431 653 488 S.
681 431 837 486 Aurelii
865 431 1016 503 August
1045 450 1062 486 n

727 625 863 692 CAPUT
885 626 987 692 XVII.

281 769 346 846 An,
377 767 411 833 si
444 767 558 862 Iouis
593 787 743 832 summa
774 771 964 851 potestas
998 770 1068 846 ost,
1099 768 1219 833 etiarn
1243 769 1428 835 Victoria

591 876 663 941 dea
685 876 875 941 debuerit
899 875 1120 942 aestimari.

326 1017 373 1082 An
397 1017 478 1082 forte
498 1017 617 1094 dicunt,
638 1018 723 1102 quod
742 1017 832 1082 deam
848 1017 1022 1082 Victoriam
1040 1018 1184 1102 Iuppiter
1201 1017 1311 1083 mittat
1327 1017 1427 1100 adque

280 1125 336 1190 illa
354 1128 517 1207 tamquam
536 1125 604 1210 regi
624 1124 755 1192 deorum
775 1124 995 1208 obtemperans
1016 1125 1055 1190 ad
1075 1144 1154 1207 quos
1173 1126 1304 1191 iusserit
1321 1125 1427 1190 ueniat
1454 1148 1464 1186 s

282 1235 314 1296 et
346 1232 377 1296 in
411 1251 520 1297 eorum
551 1234 640 1314 parte
669 1232 833 1297 considat?
874 1233 945 1298 Hoc
971 1252 1047 1298 uere
1075 1231 1192 1298 dicitur
1218 1252 1278 1297 non
1307 1232 1345 1297 de
1371 1231 1425 1296 illo

281 1339 367 1415 Ioue,
393 1359 485 1422 quern
516 1339 646 1404 deorum
674 1357 782 1423 regem
809 1357 865 1424 pro
894 1358 953 1403 sua
981 1339 1126 1422 opinione
1155 1330 1347 1424 confingunt,
1372 1337 1426 1404 sed

282 1445 320 1509 de
343 1443 398 1510 illo
423 1465 497 1511 uero
517 1465 590 1529 rege
610 1447 820 1522 saeculorum,
841 1446 925 1529 quod
944 1447 1052 1511 mittat
1070 1465 1130 1511 non
1145 1445 1329 1525 Victoriam,
1348 1463 1424 1529 quae

280 1553 369 1617 nulla
401 1551 581 1617 substantia
613 1553 672 1630 est,
705 1551 761 1618 sed
793 1553 942 1636 angelum
976 1571 1070 1618 suurn
1103 1555 1134 1617 et
1171 1553 1268 1617 faciat
1303 1553 1424 1616 uincere

283 1677 377 1740 quem
401 1659 554 1730 noluerim
580 1658 672 1724 cuius
692 1659 861 1724 consilinm
881 1659 1044 1724 occultum
1064 1677 1134 1724 esse
1149 1661 1267 1744 potest,
1284 1659 1422 1742 iniquum
1440 1683 1461 1720 ιο

280 1784 341 1829 non
370 1767 485 1848 potest.
523 1765 605 1830 Nam
634 1765 662 1830 si
688 1764 823 1830 uictoria
852 1765 911 1830 dea
938 1769 997 1844 est,
1021 1784 1102 1849 quur
1128 1785 1189 1832 non
1217 1766 1297 1830 dens
1325 1769 1373 1830 est
1394 1767 1423 1827 et

280 1870 473 1956 triumphus,
502 1874 534 1937 et
561 1871 714 1936 uictoriae
741 1871 884 1955 iungitur
910 1872 963 1937 uel
995 1872 1128 1936 maritus
1161 1871 1215 1936 uel
1247 1872 1344 1938 frater
1372 1869 1422 1935 nel

280 1975 388 2042 filius?
434 1977 523 2042 Talia
560 1979 676 2063 qnippe
713 1979 769 2045 isti
807 1979 844 2044 de
885 1979 934 2044 dis
979 1978 1097 2062 opinati
1135 1981 1219 2054 sunt,
1257 1979 1363 2061 qualia
1396 1975 1421 2040 si

280 2085 392 2165 poetae
429 2083 582 2169 fingerent
618 2085 720 2169 adque
753 2105 771 2150 a
802 2085 894 2150 nobis
932 2085 1174 2172 exagitarentur,
1206 2084 1421 2167 responderent

280 2189 336 2254 isti
363 2190 493 2256 ridenda
521 2211 591 2257 esse
623 2192 775 2276 figmenta
807 2196 982 2274 poetarum,
1011 2212 1072 2257 non
1104 2191 1189 2257 neris
1223 2189 1420 2256 attribuendo
1438 2211 1457 2251 a

280 2297 477 2374 numinibus,
507 2301 539 2364 st
565 2302 670 2364 tamen
700 2318 732 2364 so
760 2299 823 2382 ipsi
850 2317 911 2364 non
939 2298 1093 2374 ridebant,
1118 2317 1191 2364 cunr
1218 2299 1295 2362 talia
1319 2297 1421 2362 deliru-
1512 2309 1513 2390 t

280 2406 387 2469 menta
418 2423 479 2469 non
512 2407 589 2487 aput
620 2408 729 2487 poetas
762 2405 920 2489 legebant,
955 2405 1012 2470 sed
1043 2405 1074 2469 in
1106 2404 1235 2488 templis
1273 2404 1419 2470 colebant.
1512 2403 1513 2437 ¹

281 2509 390 2576 Iouem
413 2511 512 2596 igitur
536 2511 573 2576 de
599 2513 746 2577 omnibus
770 2515 926 2596 rogarent,
947 2511 976 2577 oi
995 2511 1049 2576 uni
1067 2511 1289 2577 tantummodo
1309 2511 1419 2594 suppli-

281 2619 398 2682 carent.
436 2615 506 2682 Non
532 2617 625 2696 enim,
650 2637 712 2702 quo
736 2617 880 2683 misisset
898 2617 1082 2695 Victoriam,
1107 2617 1135 2680 si
1159 2616 1216 2681 dea
1240 2619 1290 2682 est
1313 2621 1345 2681 et
1367 2615 1418 2681 sub

279 2722 336 2788 ilio
358 2741 433 2808 rege
458 2728 517 2804 est,
536 2727 647 2808 posset
670 2725 698 2790 ei
722 2724 835 2790 audere
859 2723 1007 2789 resistere
1031 2726 1064 2788 et
1087 2743 1177 2788 suam
1196 2723 1304 2806 potius
1324 2722 1418 2788 facere
1435 2749 1456 2788 so

280 2829 491 2896 uoluntatem.

718 2937 856 3004 CAPUT
878 2937 995 3002 XVIII.

326 3079 593 3145 Felicitatem
617 3083 656 3146 et
678 3081 896 3145 Fortunam
921 3079 987 3163 qui
1012 3079 1106 3144 deas
1130 3082 1285 3164 putant,
1309 3097 1379 3162 qua

645 3187 803 3252 ratione
828 3188 1055 3252 secernunt.

326 3324 420 3406 Quid,
444 3326 529 3410 quod
560 3331 593 3394 et
624 3327 774 3396 Felicitas
807 3329 866 3395 dea
897 3329 968 3398 est?
1012 3328 1133 3394 Aedem
1170 3329 1304 3412 accepit,
1341 3345 1416 3394 mam
1434 3351 1454 3392 s
1510 3365 1511 3378 ι

281 3431 407 3509 meruit,
427 3451 516 3498 secra
539 3452 676 3519 congrua
697 3437 859 3519 persoluta
878 3439 961 3499 sunt.
985 3435 1059 3516 Ipso
1079 3453 1153 3519 ergo
1173 3436 1242 3500 sola
1261 3435 1417 3500 coleretur.

281 3539 344 3605 Ubi
368 3539 451 3604 enim
473 3540 544 3624 ipsa
568 3547 663 3622 esset,
682 3541 760 3623 quid
783 3541 856 3606 boni
875 3561 936 3608 non
957 3545 1064 3607 esset?
1089 3539 1151 3606 Sed
1170 3540 1245 3624 quid
1264 3542 1325 3607 sibi
1344 3539 1417 3606 uult.

317 3778 499 3834 deestimari
520 3779 605 3848 Gou-
624 3779 771 3834 eristImari
789 3779 973 3846 Donab.‚·.dea
992 3779 1114 3834 ertinrari
1134 3778 1228 3832 debuit
1241 3795 1264 3848 p
1324 3781 1418 3848 dpar-
1509 3781 1510 3794 ¹

280 3867 381 3922 temO
452 3868 582 3923 consedet
603 3867 638 3923 0²
692 3869 791 3923 Sueto
810 3869 907 3926 om.C
962 3867 1253 3938 10in1qaumesseA
1309 3867 1340 3922 ll
1360 3866 1419 3920 deus

282 3957 334 4026 est]
354 3959 397 4012 est
410 3973 461 4014 om.
477 3957 505 4009 (ι1
562 3958 594 4011 12
613 3958 742 4025 iungatur
757 3976 775 4010 α
832 3959 864 4012 14
884 3958 1086 4028 exagirarentur
1101 3955 1139 4020 a¹,
1155 3959 1380 4026 exaggerarentur
1393 3951 1420 4005 o²

283 4047 315 4100 15
335 4044 589 4100 adtribucndamG
649 4047 681 4100 16
699 4047 772 4116 ipsos
792 4045 818 4100 e²
889 4046 1020 4101 uidebant
1038 4046 1118 4102 ,tGe
1189 4041 1417 4101 deleramenta1¹

282 4161 316 4215 18
335 4160 369 4230 ei]
390 4164 459 4214 etA
518 4162 550 4215 19
570 4178 622 4230 quo
642 4161 772 4231 misisset]
793 4173 825 4216 cu
843 4162 962 4218 misisset
981 4179 1008 4228 e,·
1026 4163 1204 4226 consisissent,
1223 4161 1255 4216 io
1273 4177 1357 4231 maro.
1375 4159 1387 4212 1
1403 4123 1417 4226 ἆ
1508 4195 1509 4200 κ

281 4249 409 4317 misisset,
425 4267 443 4303 a
515 4239 707 4321 estet1e—eto
762 4251 797 4306 20
815 4251 942 4321 possitC
995 4253 1028 4306 25
1049 4255 1075 4304 et
1090 4249 1201 4320 quodd
1255 4251 1289 4305 26
1308 4261 1418 4318 congrua
1508 4237 1509 4318 i

280 4338 704 4408 AGab¹dpo¹b¹fDomb.;
722 4341 747 4394 ei
766 4357 858 4409 congr.
880 4339 980 4408 b²eqv
