3072 4930
620 429 647 482 S.
676 427 830 482 Aurelii
857 427 1074 496 Augustini

704 621 840 686 CAPUT
862 617 976 686 XXXI.

267 762 1415 847 Deopinionibueliarronis,quireprobatapersuasione

265 871 464 954 populari,
483 870 586 935 licet
606 869 650 934 ad
669 868 861 934 notitiam
881 869 969 934 ueri
984 868 1053 934 Dei
1073 887 1146 933 non
1161 868 1414 951 peruenerit,

332 997 453 1043 unum
477 981 610 1042 tamen
634 976 755 1041 Deum
781 976 992 1042 colendum
1017 995 1107 1040 esse
1132 975 1353 1041 censuerit.

311 1117 395 1198 Quid
426 1117 494 1202 ipse
527 1119 636 1198 Varro,
669 1138 764 1202 quem
797 1119 942 1183 dolemus
975 1119 1006 1183 in
1038 1117 1133 1184 rebus
1167 1117 1286 1182 diuinis
1318 1117 1412 1182 ludos
1441 1143 1451 1179 ⁵

264 1227 436 1305 scaenicos,
457 1226 604 1310 quamuis
623 1244 684 1291 non
703 1224 820 1290 indicio
839 1225 977 1308 proprio,
1001 1225 1158 1309 posuisse,
1183 1243 1256 1288 curn
1276 1222 1317 1287 ed
1337 1223 1412 1288 deos

263 1333 411 1398 colendos
435 1331 546 1396 multis
570 1331 649 1397 locis
673 1332 766 1395 uelut
788 1331 958 1416 religiosus
976 1330 1131 1408 hortetur,
1157 1349 1257 1394 nonne
1276 1331 1323 1394 ita
1344 1348 1413 1394 oon·

260 1441 370 1505 fitetur
392 1458 453 1504 non
477 1457 511 1503 so
534 1438 591 1502 illa
613 1437 731 1503 iudicio
751 1455 809 1502 suo
830 1438 930 1520 sequi,
955 1457 1035 1521 quae
1055 1437 1217 1502 ciuitatem
1237 1437 1413 1502 Romanam

262 1546 441 1613 instituisse
467 1549 703 1622 commemorat,
736 1547 783 1621 ut,
817 1545 845 1609 si
874 1563 943 1608 earn
968 1545 1131 1610 ciuitatem
1155 1563 1272 1608 nouam
1296 1544 1412 1608 consti·

262 1654 376 1732 tueret,
406 1672 442 1717 ex
469 1654 600 1717 naturae
623 1652 731 1733 potius
758 1651 897 1715 formula
920 1649 996 1716 deos
1025 1649 1215 1732 nominaque
1243 1668 1353 1714 eorum
1379 1668 1411 1713 se
1428 1675 1450 1714 o

261 1758 362 1824 fuisse
387 1757 608 1823 dedicaturum
636 1777 697 1822 non
726 1756 852 1822 dubitet
880 1757 1043 1822 confiteri?
1089 1756 1151 1822 Sed
1175 1757 1239 1820 inm
1263 1757 1411 1838 quoniam

260 1865 293 1930 in
326 1868 434 1931 uetere
464 1866 582 1950 populo
614 1866 710 1943 esset,
744 1866 907 1946 acceptam
939 1864 977 1928 ab
1012 1863 1149 1947 antiquis
1182 1863 1345 1928 nominum
1380 1865 1410 1927 et

262 1973 485 2056 cognominum
509 1971 677 2036 historiam
701 1974 818 2048 tenere,
842 1974 880 2034 ut
902 1970 1019 2036 tradita
1043 1972 1102 2049 est,
1126 1969 1239 2034 debere
1264 1988 1297 2033 se
1322 1969 1408 2047 dicit,

263 2082 296 2142 et
319 2079 358 2143 od
382 2098 454 2143 eum
478 2077 573 2142 finem
606 2077 663 2141 illa
690 2076 826 2142 scribere
856 2095 891 2142 ac
919 2076 1121 2160 perscrutari,
1154 2079 1191 2141 ut
1218 2075 1327 2158 potius
1357 2095 1408 2140 eos

260 2185 363 2268 magis
384 2184 486 2249 colere
506 2202 599 2266 quarn
618 2182 778 2266 despicere
797 2184 916 2266 uulgus
936 2181 1024 2248 uelit.
1050 2180 1174 2261 Quibus
1193 2181 1299 2246 uerbis
1314 2182 1407 2246 homo
1426 2208 1447 2246 n

262 2292 468 2357 acutissimus
493 2291 571 2356 eatis
595 2289 716 2355 indicet
738 2308 799 2356 non
824 2309 858 2354 se
882 2291 1001 2373 aperire
1026 2290 1141 2367 omnia,
1166 2307 1246 2371 quae
1265 2307 1327 2354 non
1348 2289 1408 2354 sibi

260 2401 383 2463 tantum
418 2397 594 2464 contemtui
626 2400 743 2475 essent,
777 2396 834 2460 sed
866 2396 962 2460 etiam
990 2397 1053 2479 ipsi
1080 2396 1180 2480 uulgo
1205 2394 1408 2478 despicienda

260 2504 453 2582 uiderentur,
487 2503 548 2568 nisi
572 2505 762 2567 tacerentur.
808 2503 876 2586 Ego
905 2503 969 2568 ista
997 2502 1139 2568 conicere
1166 2501 1273 2586 putari
1301 2502 1405 2574 debui,

260 2611 322 2676 nisi
345 2611 509 2676 euidenter
541 2609 601 2674 alio
634 2610 705 2674 loco
733 2609 803 2691 ipse
832 2608 951 2674 diceret
974 2609 1012 2674 de
1041 2608 1248 2692 religionibus
1271 2609 1405 2692 loquens

258 2718 362 2782 multa
390 2735 459 2781 esse
489 2735 574 2792 uera,
608 2735 688 2798 quae
717 2735 777 2780 non
805 2716 899 2780 modo
928 2715 1027 2800 uulgo
1057 2715 1137 2780 scire
1165 2734 1226 2779 non
1251 2715 1294 2779 sit
1316 2716 1404 2792 utile,
1421 2743 1444 2782 ao

259 2823 315 2889 sed
339 2823 444 2900 etiam,
468 2822 598 2888 tametsi
621 2822 807 2900 delessent,
833 2821 925 2886 aliter
944 2822 1123 2887 existimare
1143 2822 1297 2906 populum
1318 2841 1405 2905 erpe-

259 2929 335 3008 diat,
360 2931 392 2994 et
414 2928 485 2993 ideo
506 2927 644 2994 Graecos
669 2928 783 2993 teletas
808 2947 843 2993 oc
866 2928 1019 3011 mysteria
1041 2928 1257 2992 taciturnitate
1282 2927 1405 3011 parieti-

257 3035 382 3119 busque
415 3035 580 3100 clausisse.
627 3035 688 3099 Hio
722 3039 806 3100 certe
829 3037 932 3100 totum
958 3033 1125 3100 consilium
1153 3033 1294 3117 prodidit
1317 3036 1405 3099 uelut

259 3143 461 3226 sapientium,
484 3160 540 3223 per
555 3161 634 3225 quos
651 3142 799 3206 ciuitates
820 3145 852 3206 et
864 3141 975 3225 populi
994 3144 1188 3224 regerentur.
1212 3140 1282 3206 Hac
1299 3143 1403 3206 tamen

256 3248 384 3313 fallacia
418 3249 508 3314 miris
544 3249 648 3314 modis
685 3249 819 3332 maligni
853 3248 1020 3313 daemones
1055 3246 1273 3325 delectantur„
1296 3247 1350 3330 qui
1374 3250 1442 3312 etas
1517 3295 1518 3336 ᾗ

258 3355 454 3438 deceptores·
471 3359 503 3418 et
531 3355 680 3439 deceptos
709 3356 825 3438 pariter
852 3352 1028 3436 possident,
1057 3375 1075 3418 a
1103 3373 1236 3437 quorum
1266 3353 1402 3419 domina·
1517 3351 1518 3367 ¹

255 3462 342 3526 tione
362 3481 423 3527 non
442 3462 558 3526 liberat
575 3462 637 3526 nisi
656 3462 758 3546 gratia
777 3462 836 3527 Dei
855 3481 911 3546 per
928 3461 1037 3526 Iesum
1057 3461 1219 3526 Christum
1240 3459 1400 3526 dominum

256 3570 410 3634 nostrum.

300 3674 387 3739 Dicit
419 3675 514 3740 etium
546 3675 630 3739 idem
664 3679 774 3741 auctor
807 3675 1014 3741 acutissimus
1049 3675 1151 3759 adque
1185 3674 1401 3752 doctissimus,

290 3929 489 4044 iopiXibusO
558 3973 683 4027 suasione
693 3991 715 4043 p
770 3971 879 4029 bludos
889 3973 911 4044 sl
922 3989 1020 4037 scaen,
1035 3977 1063 4028 ct
1076 3973 1197 4036 eroe.‚O
1250 3971 1399 4041 10eorum]

255 4061 399 4116 deorumn
454 4062 486 4116 11
507 4061 688 4116 dicaturume
743 4064 776 4116 12
794 4064 967 4116 numinumu
1023 4064 1055 4116 13
1073 4062 1401 4133 hystoriemLA,·istor.

258 4150 289 4203 0¹
345 4152 378 4205 15
398 4149 530 4220 dispicere
550 4156 575 4204 et
594 4151 610 4204 l.
631 4155 667 4204 17
686 4150 899 4221 dispiciendaG
955 4153 987 4205 18
1006 4152 1117 4222 pusiam,
1137 4169 1170 4206 ec
1188 4152 1291 4221 portari
1310 4155 1342 4206 ul
1359 4151 1401 4204 rri-

254 4237 333 4292 detur
351 4239 548 4303 correctum,G
618 4239 714 4294 debuit
728 4239 764 4293 d²
820 4241 852 4294 19
872 4241 959 4294 multa
972 4241 1086 4311 loquens
1100 4242 1215 4295 multae
1268 4239 1401 4296 242001

253 4328 411 4381 remiseris
432 4345 450 4378 α
503 4327 537 4381 29
556 4327 628 4382 idern
648 4345 699 4385 orn.
718 4329 755 4382 L¹
