3164 4932
244 443 309 504 584
585 439 613 492 S.
641 437 798 493 Aurelii
825 438 1044 508 Augustini

246 635 310 696 tam
333 633 447 697 breues
472 651 569 696 annos
592 633 753 712 habuisse,
777 636 813 697 ut
841 632 1000 715 quaternis
1026 632 1189 697 mensibus
1214 633 1394 704 finirentur:

246 737 329 801 unde
353 757 451 802 annus
477 737 597 819 plenior
620 741 653 801 et
674 737 788 814 uerior,
808 737 910 822 qualis
934 756 1017 802 nuno
1036 741 1070 802 et
1088 737 1178 802 uobis
1199 743 1232 802 et
1249 738 1316 802 illis
1335 747 1395 814 est,

246 846 311 907 tres
335 863 443 908 eorum
467 863 565 908 annos
589 845 847 926 conplectebatur
870 845 1027 928 antiquos.
1052 843 1113 910 Sed
1132 865 1170 909 ne
1190 845 1236 908 sic
1256 845 1396 927 quidem.

246 954 284 1015 ut
302 949 374 1028 dixi,
391 949 511 1015 Graeca
524 951 699 1034 Aegyptiae
718 971 848 1016 numero
867 954 1045 1033 temporum
1066 951 1235 1016 coneordat
1251 951 1397 1016 historia.

248 1058 289 1120 Et
312 1056 382 1122 ideo
408 1057 546 1122 Graecae
570 1059 677 1141 potius
700 1058 779 1122 fides
804 1058 947 1122 habenda
970 1060 1029 1135 est,
1054 1058 1129 1140 quia
1146 1059 1316 1123 ueritatem
1336 1077 1396 1120 non
1432 1082 1445 1122 s

249 1164 372 1229 excedit
399 1184 562 1244 annorum,
591 1166 645 1248 qui
673 1165 789 1230 litteris
817 1167 944 1242 nostris,
974 1185 1053 1249 quae
1080 1185 1155 1230 uere
1179 1185 1287 1230 sacrae
1311 1167 1398 1229 sunt.

250 1271 459 1336 continentur.
497 1272 594 1336 Pono
623 1273 651 1337 si
678 1273 756 1338 haee
785 1274 925 1355 epistula
947 1273 1124 1350 Alexandri,
1153 1293 1233 1354 quae
1261 1271 1400 1336 maxime

249 1378 398 1454 innotuit,
430 1379 569 1442 multum
602 1379 748 1445 abhorret
779 1381 812 1443 in
845 1380 957 1462 spatiis
989 1383 1169 1463 temporum
1197 1399 1215 1443 a
1242 1377 1400 1463 probabili

250 1484 312 1548 fide
343 1503 463 1548 rernm:
499 1487 615 1566 quanto
643 1485 749 1550 minus
778 1485 965 1550 eredendum
996 1490 1046 1552 est
1071 1486 1137 1553 illis
1164 1487 1292 1564 litteris,
1321 1503 1415 1568 quas·

251 1591 361 1672 plenus
389 1591 545 1655 fabulosis
569 1593 659 1656 uelut
683 1593 928 1674 antiquitatibus
946 1593 1084 1676 prolerre
1107 1593 1270 1658 noluerint
1293 1595 1402 1657 eontra
1421 1613 1448 1651 11

252 1696 473 1762 auctoritatem
493 1699 732 1764 notissimorum
751 1699 995 1782 diuinorumque
1013 1700 1176 1780 librorum,
1197 1719 1278 1781 quae
1296 1701 1403 1764 totum

254 1803 361 1867 orbern
385 1802 447 1868 sibi
471 1805 664 1871 crediturum
689 1825 760 1872 esse
783 1805 947 1887 praedixit,
972 1808 1005 1870 et
1023 1807 1073 1871 aui
1092 1808 1181 1871 totus
1201 1805 1298 1882 orbis,
1318 1805 1405 1870 sieut

254 1909 292 1972 ab
322 1928 358 1974 ea
385 1911 581 1992 praedictum
611 1917 670 1989 est,
700 1913 846 1989 oredidib
875 1933 955 1995 quae
984 1933 1059 1978 nera
1086 1933 1121 1978 se
1149 1931 1292 1977 narrasse
1316 1933 1403 1996 prae-

253 2015 347 2078 terita
379 2036 414 2080 ex
444 2017 504 2096 hie,
534 2037 613 2100 quae
641 2020 748 2084 futura
775 2021 1019 2104 praenuntiauit,
1049 2039 1122 2084 eum
1149 2023 1238 2084 tanta
1266 2021 1405 2084 ueritate

252 2122 422 2204 inplentur,
446 2125 593 2189 ostendit.
1425 2145 1453 2185 ¹⁵

715 2319 851 2386 CAPUT
875 2320 946 2384 XII.

259 2455 312 2519 De
332 2456 405 2531 bis,
422 2459 489 2540 qui
509 2459 611 2524 lruno
633 2461 792 2543 quidem
813 2462 999 2526 mundum
1019 2479 1091 2526 non
1113 2461 1407 2543 sempiternum

258 2567 413 2645 putant,
448 2566 516 2630 sed
545 2571 614 2630 aut
642 2568 964 2633 innumerabiles
994 2571 1063 2634 aut
1091 2569 1258 2633 eundem
1287 2587 1409 2632 unum

305 2674 415 2736 oerta
439 2673 704 2740 conclusione
729 2676 986 2740 saeculorum
1011 2694 1166 2759 semper
1189 2675 1304 2739 nasei
1328 2678 1368 2738 et

629 2783 785 2848 resolui
810 2783 1036 2864 opinantur.
1428 2806 1457 2843 ro

304 2919 370 2983 Alii
393 2941 479 2998 uero,
505 2924 558 3004 qui
581 2923 736 2988 mundum
759 2925 857 2988 istum
881 2943 942 2989 non
963 2925 1143 2990 existimant
1167 2924 1410 3007 sempiternum,

261 3025 329 3090 siue
353 3047 413 3091 non
438 3048 509 3093 eum
534 3031 648 3106 solum,
674 3031 728 3095 sed
752 3031 998 3095 innumerabiles
1018 3031 1193 3114 opinentur.
1213 3031 1282 3094 siue
1303 3031 1411 3094 solum

261 3134 390 3216 quidem
413 3153 494 3210 esse,
519 3136 573 3199 sed
598 3137 691 3200 certis
717 3137 915 3201 saeculorum
938 3135 1116 3200 interuallis
1134 3136 1415 3200 innumerabiliter

261 3241 335 3306 oriri
363 3247 395 3307 et
422 3243 571 3322 occidere,
598 3263 727 3308 neeesse
756 3249 806 3308 est
827 3245 986 3308 fateantur
1008 3243 1170 3307 hominum
1195 3261 1296 3326 genus
1320 3243 1413 3325 prius

263 3349 330 3414 sine
350 3349 531 3414 bominibus
552 3349 756 3434 gignentibus
776 3351 927 3416 extitisse.
951 3350 1063 3432 Neque
1083 3349 1166 3413 enim
1185 3353 1222 3412 nt
1240 3349 1415 3413 alluuioni-
1434 3373 1463 3414 rs

262 3456 323 3520 bns
351 3457 567 3540 incendiisque
595 3460 758 3534 terrarum,
788 3477 866 3540 quas
893 3457 942 3520 illi
965 3476 1026 3523 non
1049 3459 1164 3538 putant
1185 3457 1253 3520 toto
1278 3475 1413 3538 prorsus

265 3564 339 3627 orbe
363 3565 554 3647 contingere,
575 3567 607 3629 et
630 3565 699 3629 ideo
724 3584 843 3646 paucos
866 3563 1020 3642 homines,
1041 3583 1076 3626 ex
1101 3563 1215 3646 quibus
1235 3563 1415 3627 multitudo

264 3670 398 3750 pristina
434 3675 604 3753 reparetur,
644 3691 767 3754 semper
803 3689 962 3734 remanere
1000 3669 1204 3744 contendunt,
1236 3669 1283 3732 ita
1314 3673 1348 3733 et
1380 3671 1415 3733 lri

301 3988 406 4040 2nuno
425 4003 509 4042 01111
572 3951 731 4040 311ecsi⁰e
792 3983 895 4054 4diri]
916 3985 974 4036 int
1035 3981 1226 4036 icontinetur
1249 3980 1293 4034 Vt
1348 3981 1415 4048 8a]

269 4073 333 4128 adt
398 4075 863 4142 10u01ueruntol;noluerunta
921 4074 954 4126 12
973 4075 1091 4125 totumt
1147 4072 1180 4124 13
1200 4075 1263 4123 eol
1336 4085 1416 4138 prae·

266 4161 356 4216 dietus
379 4163 423 4217 Vl
479 4167 511 4218 15
531 4164 690 4233 impleturi
745 4165 776 4216 16
797 4161 948 4232 CapXIu
1004 4159 1036 4215 18
1055 4175 1137 4212 unum
1156 4175 1207 4214 om.
1228 4157 1254 4210 l'
1305 4159 1337 4210 ‘21
1359 4175 1417 4210 non

267 4269 317 4306 om.
342 4254 386 4306 Vt
458 4255 616 4307 estimanti
688 4255 722 4306 24
741 4249 857 4306 oceidit
938 4249 1055 4319 prirnot
1126 4248 1160 4301 26
1179 4247 1324 4314 terrarum]
1344 4249 1415 4298 tem-

268 4357 361 4408 porum
381 4347 391 4394 t
445 4342 478 4395 27
499 4341 562 4395 orbe
583 4343 654 4394 deest
671 4343 702 4394 111
720 4355 811 4393 aemio
830 4341 921 4408 spatio
941 4344 951 4390 t
1006 4337 1040 4390 ‘28
1059 4337 1230 4405 repararetur
1249 4333 1264 4386 b
