3108 4926
282 403 348 468 340
631 400 657 454 S.
684 399 840 454 Aurelii
869 401 1086 470 Augustini

282 599 333 660 tos
360 595 470 661 intulit
492 594 594 678 adque
616 596 713 661 istem
737 594 905 660 saeuitiam
928 613 1111 678 moremque
1135 595 1286 674 seruauit,
1309 595 1426 661 credita

284 701 367 768 uires
396 701 545 767 adiuuare
573 702 787 767 Romanorum
815 701 988 766 exsecando
1017 701 1121 766 uirilis
1152 701 1303 768 uirorum.
1343 700 1422 782 Quid

282 811 357 874 sunt
385 808 424 872 ad
452 809 514 872 boc
540 808 657 872 malum
686 807 772 872 furta
800 806 959 886 Mercurii,
983 808 1116 872 Veneris
1142 808 1288 886 lasciuia,
1317 810 1423 890 stupro

282 935 318 980 ac
346 915 559 998 turpitudines
593 917 778 990 ceterorum,
808 934 887 996 quae
919 915 1130 997 proferremus
1165 915 1203 979 de
1234 914 1336 990 libris,
1363 915 1423 978 uisi

281 1022 412 1088 cottidie
436 1024 636 1086 cantarentur
659 1025 691 1086 et
714 1022 905 1086 saltarentur
926 1021 959 1085 in
982 1021 1135 1088 theatris?
1164 1020 1226 1087 Sed
1249 1022 1326 1086 baec
1350 1019 1422 1104 qnid
1450 1045 1461 1081 s

281 1133 356 1194 suut
383 1129 423 1193 ad
450 1132 574 1193 tantum
598 1129 728 1204 malum,
754 1128 845 1193 euius
869 1127 1056 1212 magnitudo
1080 1128 1216 1212 Magnae
1238 1127 1335 1192 Matri
1359 1131 1423 1192 tau·

279 1234 445 1300 tummodo
470 1234 678 1316 conpetebat?
710 1234 900 1298 Praesertim
924 1233 1008 1316 quod
1030 1233 1086 1298 illa
1110 1233 1258 1299 dicuntur
1281 1254 1301 1298 a
1322 1233 1421 1317 poetis

279 1361 350 1406 esse
378 1342 522 1417 conficte,
551 1341 641 1423 quasi
669 1343 780 1422 poetae
807 1339 841 1404 id
869 1341 965 1405 etiam
993 1339 1146 1418 finxerint,
1176 1339 1259 1423 qurod
1292 1359 1330 1405 ea
1361 1341 1423 1404 sint

279 1449 327 1513 dis
352 1451 442 1533 grata
464 1451 496 1512 et
518 1451 656 1530 accepte.
682 1445 726 1511 Ut
749 1467 822 1531 ergo
848 1451 1033 1512 canerentur
1055 1449 1109 1511 uel
1136 1447 1359 1525 scriberentur,
1383 1445 1423 1510 sit

278 1555 410 1620 audacia
442 1554 494 1620 uel
525 1553 703 1636 petulantia
734 1557 913 1635 poetarum
947 1557 984 1618 ut
1016 1573 1091 1619 nero
1120 1553 1236 1618 diuinis
1265 1554 1360 1618 rebus
1392 1557 1421 1617 et
1438 1574 1459 1612 u

277 1660 449 1725 bonoribus
478 1659 598 1725 eisdem
625 1659 856 1742 imperantibus
883 1663 916 1725 et
948 1661 1208 1743 extorquentibus
1240 1659 1419 1724 numinibus
1526 1651 1527 1734 ζ

277 1767 474 1844 adderentur,
494 1765 570 1848 quid
594 1769 644 1830 est
666 1766 728 1830 nisi
747 1765 864 1830 crimen
889 1765 1029 1840 deorum,
1048 1767 1146 1832 immo
1171 1784 1245 1831 uero
1266 1764 1419 1830 confessio

277 1874 513 1939 daemoniorum
542 1875 574 1936 et
603 1871 746 1955 deceptio
776 1874 986 1937 miserorum?
1019 1873 1137 1938 Verum
1160 1872 1251 1949 illud,
1276 1873 1362 1955 quod
1385 1871 1419 1934 de
1526 1923 1527 1966 ,

275 1981 473 2044 abscisorum
497 1979 732 2043 consecratione
751 1978 854 2044 Mater
876 1979 971 2044 deum
995 1979 1057 2044 coli
1079 1979 1208 2058 meruit,
1227 1998 1287 2044 non
1311 1984 1419 2061 poetae

276 2085 501 2163 confinxerunt,
521 2084 577 2150 sed
596 2085 721 2150 horrere
741 2085 843 2170 magis
863 2105 957 2169 quam
979 2105 1088 2150 canere
1107 2087 1298 2150 maluerunt.
1323 2086 1418 2151 Hisne
1435 2107 1456 2145 n

275 2191 324 2256 dis
344 2192 472 2257 selectis
493 2193 662 2274 quisquam
682 2193 912 2256 consecrandus
937 2197 995 2266 est,
1019 2195 1056 2257 ut
1078 2195 1308 2274 postmortem
1335 2192 1420 2256 uiuat
1526 2225 1527 2280 ς

273 2297 374 2375 beate,
404 2298 519 2380 quibus
553 2302 754 2363 consecratus
787 2303 859 2364 ante
890 2302 1025 2365 mortem
1057 2299 1189 2364 honeste
1220 2318 1280 2362 non
1315 2301 1418 2381 potest
1526 2359 1527 2382 ,

274 2404 393 2482 uiuere,
417 2407 482 2468 tam
511 2405 612 2470 foedis
636 2405 916 2487 superstitionibus
940 2405 1089 2470 subditus
1113 2408 1145 2470 et
1166 2404 1328 2470 inmundis
1352 2405 1416 2469 dae·
1526 2393 1527 2450 Ῠ

273 2511 422 2576 monibus
461 2510 643 2594 obligatus?
684 2510 747 2576 Sed
778 2512 855 2576 baec
888 2512 1004 2590 omnia,
1027 2512 1140 2594 inquit,
1170 2510 1351 2577 referuntur
1381 2511 1416 2576 ad
1526 2555 1527 2602 3

273 2617 436 2681 mundum.
471 2616 585 2682 Videat
612 2636 650 2680 ne
680 2617 786 2700 potius
816 2618 854 2682 sd
882 2618 1081 2683 inmundum.
1119 2615 1203 2696 Quid
1227 2622 1335 2682 autem
1358 2637 1454 2682 norro
1526 2657 1527 2704 ,

272 2727 380 2804 potest
401 2723 510 2788 referri
533 2722 572 2788 ad
596 2724 759 2804 mundum,
780 2725 863 2808 quod
888 2745 959 2790 esse
979 2725 1212 2790 demonstratur
1229 2725 1261 2788 in
1280 2725 1415 2788 mundo?
1526 2707 1527 2730 *

271 2829 338 2894 Nos
363 2832 468 2894 autem
490 2831 628 2894 animum
649 2832 839 2913 quaerimus,
861 2833 914 2915 qui
934 2851 1009 2896 uera
1027 2831 1179 2916 religione
1200 2831 1339 2897 confisus
1358 2850 1413 2896 non
1526 2873 1527 2916 3

272 2939 433 3018 tamquam
467 2937 560 3001 deum
594 2956 688 3002 suum
722 2938 832 3003 adoret
863 2938 1029 3017 muudum,
1058 2938 1115 3004 sed
1146 2941 1310 3022 tamquam
1338 2956 1413 3020 opus
1526 2929 1527 2932 '

270 3041 331 3138 Dei
366 3046 496 3125 propter
527 3043 629 3108 Deum
668 3043 778 3110 laudet
809 3046 973 3124 mundum,
1007 3049 1039 3111 et
1070 3045 1237 3110 mundanis
1271 3045 1412 3110 sordibus

271 3147 413 3230 expiatus
442 3149 579 3214 mundns
607 3151 772 3234 perueniat
799 3152 839 3216 ad
862 3153 976 3231 Deum,
1001 3151 1056 3235 qui
1083 3151 1225 3218 condidit
1252 3151 1410 3217 mundum.
1427 3169 1451 3210 a

306 3390 322 3442 2
342 3391 474 3446 exerendo
494 3392 539 3446 el¹
602 3396 618 3447 3
636 3393 762 3448 Mercurii
780 3395 887 3448 iurtao
950 3397 967 3448 4
986 3411 1017 3448 ae
1034 3397 1107 3465 turp.
1130 3394 1367 3466 Gaodetpqaa
1385 3399 1410 3449 et

269 3481 340 3548 turp.
360 3478 460 3534 Domb.
565 3480 598 3534 de
617 3480 736 3536 delubris
752 3501 801 3551 po
890 3484 1096 3538 Siluorcrintl
1195 3501 1226 3538 ea
1244 3502 1302 3554 saep.
1323 3484 1412 3539 dac

270 3567 285 3618 9
316 3567 429 3621 audacie
452 3569 522 3625 sito
615 3572 646 3623 14
675 3571 752 3625 deum
773 3572 864 3638 codd.,·
890 3572 1035 3627 deorumn
1125 3575 1158 3627 15
1188 3573 1410 3628 confluereruntl

270 3654 304 3707 18
322 3653 746 3724 fedis,fm.aeaseorr.‚0
806 3661 842 3716 20
861 3661 932 3730 quod
952 3661 976 3715 e¹
1038 3661 1408 3730 21muud5,im.2eaeo

268 3757 381 3807 eorr.,e
