3108 4926
376 430 426 484 De
454 429 626 484 ciuitate
655 430 716 484 dci
744 430 808 485 lib.
835 427 883 486 vl.
911 447 985 502 cap.
1016 432 1038 489 1.
1218 435 1282 499 267

131 623 202 690 Deo
223 623 367 701 debetur,
386 623 580 690 uenerandos
600 628 632 690 et
650 625 799 690 colendos
819 629 942 709 putant.
965 627 1006 690 Et
1021 625 1136 692 nimine
1153 627 1284 710 quidem

133 731 295 795 stultitiae
323 732 376 795 uel
403 731 595 813 pertinaciae
627 751 684 796 nee
716 733 795 798 istos
829 734 967 814 quinque
999 753 1056 798 nee
1088 734 1172 798 ullos
1205 733 1284 800 alias

132 839 386 920 quanticumque
418 839 540 902 numeri
572 839 670 904 libros
704 839 782 904 satis
815 858 885 904 esse
918 859 1011 922 posse
1041 841 1112 923 quis
1141 841 1284 906 nesciat?

134 945 262 1028 quando
287 965 324 1010 ea
346 947 477 1028 putatur
500 945 601 1030 gloria
622 946 785 1024 nouitatis,
804 945 901 1011 nullis
925 946 1033 1011 cedere
1056 945 1180 1012 uiribus
1202 947 1285 1012 ueri·

103 1053 223 1121 etatis.
258 1051 294 1116 in
330 1051 499 1134 perniciem
537 1051 648 1135 ntique
689 1052 768 1128 eius,
807 1052 859 1116 cui
899 1051 1016 1117 uitium
1057 1057 1123 1118 tam
1158 1053 1284 1120 inmane

137 1157 328 1224 dominatur.
366 1157 448 1227 Nam
477 1161 510 1221 et
537 1162 646 1223 contra
674 1177 797 1223 ornnem
827 1159 967 1224 eursntis
1000 1159 1188 1224 industriam
1223 1181 1284 1225 non

138 1266 219 1330 malo
248 1265 374 1342 medici,
396 1265 454 1328 sed
478 1265 599 1348 aegroti
622 1264 806 1330 insanabilis
830 1266 960 1331 morbus
983 1267 1125 1332 inuictus
1149 1271 1207 1332 est.
1241 1266 1285 1331 Hi

137 1390 223 1448 uero,
248 1371 303 1453 qni
331 1389 367 1436 ea
395 1385 475 1452 quae
501 1369 614 1454 legunt
640 1371 788 1435 uelsine
814 1371 881 1436 ulla
908 1372 961 1436 uel
989 1391 1049 1436 non
1075 1391 1147 1437 eum
1171 1391 1286 1457 magna

138 1497 173 1542 ac
200 1477 300 1542 nimia
327 1477 444 1542 ueteris
472 1475 584 1542 erroris
610 1477 821 1543 obstinatione
844 1478 1009 1544 intellecta
1032 1482 1064 1544 et
1085 1479 1286 1544 considerata

5 1621 6 1624 =
96 1607 122 1643 ιο
138 1585 346 1668 perpendunt,
373 1583 499 1649 facilius
527 1603 584 1650 nos
612 1581 675 1650 isto
708 1605 839 1650 numero
871 1587 1112 1651 terminatorum
1146 1587 1285 1669 quinque

5 1673 7 1690 '
139 1691 340 1756 uoluminum
368 1691 452 1774 plus,
476 1710 570 1773 quam
598 1689 793 1774 quaestionis
821 1692 923 1776 ipsius
947 1693 1121 1758 necessitas
1145 1693 1287 1775 postula-¹

139 1800 201 1874 bat,
227 1817 323 1882 quam
350 1798 456 1862 minus
486 1797 674 1863 disseruisse
701 1798 898 1876 iudicabunt,
927 1803 1089 1883 totamque
1120 1798 1285 1876 inuidiam,

140 1925 233 1987 quam
262 1903 460 1970 Christianae
485 1904 632 1990 religioni
661 1905 699 1969 de
727 1906 822 1970 huius
856 1904 940 1970 uitae
974 1905 1117 1971 cladibus
1150 1909 1286 1970 terrena·

139 2031 271 2094 rumque
295 2011 483 2076 contritione
507 2029 543 2076 ac
565 2012 742 2077 mutatione
765 2031 869 2077 rerum
897 2013 1024 2096 inperiti
1046 2013 1148 2077 lacere
1173 2031 1286 2076 conan-

98 2137 122 2178 a
138 2119 200 2195 tur,
218 2138 282 2183 non
303 2119 406 2183 solnm
427 2117 712 2196 dissimulantibus,
733 2118 789 2183 sed
813 2122 931 2184 contra·
944 2139 1034 2184 soram
1059 2117 1285 2184 comcientiam

140 2225 235 2290 etiam
254 2223 436 2289 fauentibus
456 2223 569 2302 doctis,
590 2242 668 2305 quos
691 2223 829 2307 inpietas
852 2245 969 2290 uesano
987 2224 1140 2307 possedit,
1160 2223 1288 2288 omnino

140 2349 209 2396 esse
223 2331 349 2394 inanem
365 2333 469 2394 rectae
489 2331 691 2414 cogitationis
711 2331 813 2414 adque
832 2331 963 2396 rationis
982 2332 1171 2414 plenamque
1190 2330 1287 2395 leuis-

139 2439 238 2504 simae
262 2437 453 2504 temeritatis
472 2441 504 2503 et
520 2437 809 2522 pemieiosissimce
829 2439 1041 2505 animositatis
1061 2438 1206 2503 dubitare
1224 2456 1285 2501 non

139 2548 296 2628 poterunt

98 2729 124 2768 ao
623 2703 759 2771 CAPUT
783 2705 808 2772 I.

142 2847 194 2911 De
222 2847 297 2923 his,
324 2847 391 2928 qni
420 2844 564 2910 dicunt
592 2845 687 2912 deos
711 2865 730 2910 a
753 2862 792 2909 sc
817 2865 889 2911 uon
914 2848 1082 2929 prepter
1103 2862 1289 2926 praesen·

280 2956 358 3017 tem
382 2951 508 3016 uitam
532 2950 625 3028 coli,
649 2951 715 3016 sed
737 2953 905 3034 propter
929 2955 1142 3016 aeternam.

185 3097 278 3161 Nune
308 3114 382 3178 crgo
412 3093 558 3177 quoniam
588 3093 747 3176 deinceps,
775 3095 813 3158 ut
838 3093 1016 3175 promissus
1049 3091 1123 3156 orde
1158 3090 1287 3174 expetit,

144 3203 237 3268 etiam
266 3203 299 3266 hi
326 3200 489 3266 refellendi
517 3204 549 3265 et
577 3199 707 3265 docendi
741 3202 824 3280 sunt,
853 3199 907 3281 qni
940 3219 1000 3264 non
1032 3201 1161 3282 propter
1191 3199 1287 3264 istam

103 3330 128 3372 as
143 3309 252 3390 uitam,
278 3307 335 3373 sed
361 3313 489 3391 propter
514 3307 614 3384 illam,
639 3325 719 3389 quae
741 3309 816 3387 post
839 3313 973 3370 mortem
997 3306 1104 3370 futura
1127 3309 1186 3382 est,
1212 3303 1290 3368 deos

144 3416 297 3499 gentium,
321 3432 401 3497 quos
426 3413 604 3479 Christiana
630 3412 742 3496 religio
771 3412 916 3488 destruit,
941 3412 1089 3478 colendos
1119 3431 1189 3478 esse
1217 3430 1289 3476 con-

143 3521 292 3586 tendunt:
315 3522 421 3603 placet
444 3541 462 3585 a
484 3519 624 3585 ueridieo
650 3521 775 3585 oraculo
800 3519 901 3584 sancti
924 3519 1040 3602 psalmi
1060 3537 1185 3583 sumere
1205 3538 1289 3584 eror-

179 3825 570 3897 2pertin.,ieceeorr.,0
623 3826 655 3879 10
674 3781 807 3879 nositoO
860 3826 890 3878 11
911 3824 1238 3892 uteditur0b¹dlpo¹
1253 3829 1289 3892 f,·

145 3915 302 3985 postulabat
315 3915 478 3969 satisfecisse
494 3932 512 3968 a
524 3913 707 3982 umquem
725 3913 889 3968 satisfecisse
903 3931 935 3968 m.
952 3913 1106 3983 {emarginat
1120 3914 1251 3982 odcerc'pt.
1268 3913 1292 3968 0

147 4006 178 4059 13
196 4005 329 4075 religione
352 4003 384 4058 0¹
457 4003 559 4058 deum.
578 4003 609 4058 0¹
667 4004 699 4057 16
719 4001 875 4057 fauentibus
895 4003 1011 4056 etiamn
1083 3995 1292 4056 tabennenses

145 4147 260 4185 uaesana
281 4129 333 4184 dd
403 4127 521 4199 possidit
541 4127 588 4196 0¹;
606 4127 728 4198 possidet
749 4126 812 4180 δἐι
876 4127 908 4181 18
928 4103 1099 4194 temeritatis,
1118 4129 1150 4180 io
1167 4128 1291 4196 margine

146 4231 309 4308 inuitatisc
364 4251 588 4323 accrescendi]
608 4252 919 4322 docendiq;‚q;m.2.l
972 4253 1005 4306 26
1025 4251 1124 4306 cristi
1178 4252 1211 4305 27
1231 4252 1290 4320 pla·

147 4343 228 4397 enitl
302 4357 388 4396 som.
411 4340 443 4396 0¹
