3136 4934
420 440 466 492 De
496 440 670 492 ciuitate
695 439 756 492 dei
779 439 843 493 lib.
868 439 900 492 Χ.
926 456 1000 510 cap.
1025 441 1050 494 9.
1232 446 1294 508 461

153 636 256 700 tiones
288 636 481 721 theurgicas,
516 655 593 718 quas
626 635 738 700 teletas
767 639 892 710 nocant,
926 635 1071 700 idoneam
1100 636 1167 700 lieri
1196 637 1298 720 adque

153 746 260 826 aptam
293 741 487 824 susceptioni
525 743 694 824 spirituum
729 745 760 807 et
793 743 975 827 angelorum
1009 746 1041 806 et
1072 742 1110 806 ad
1144 743 1299 808 uidendos

154 849 239 914 deos.
263 849 308 912 llx
333 848 448 929 quibus
472 852 579 912 tamur
598 850 774 934 theurgicis
793 849 900 914 teletis
920 849 1071 913 fateretur
1088 849 1297 914 intellectuali

154 957 276 1020 animae
299 956 379 1020 nihil
402 957 599 1040 purgationis
633 958 791 1034 accedere,
825 958 909 1041 quod
937 975 1006 1022 eam
1034 956 1129 1021 saciat
1152 957 1297 1021 idoneam

124 1061 192 1127 aad
215 1062 387 1126 uidendum
412 1062 513 1127 Deum
540 1083 633 1129 suurn
654 1069 686 1129 et
704 1065 922 1148 perspicienda
947 1084 992 1141 ea,
1017 1083 1096 1146 quae
1121 1083 1194 1127 uere
1214 1068 1299 1128 sunt.

152 1168 196 1230 hin
220 1186 282 1251 quo
306 1168 449 1252 intellegi
472 1172 588 1250 potest,
613 1170 754 1251 qualium
775 1170 903 1236 deorum
923 1159 1121 1251 uel'qualem
1142 1170 1297 1235 uisionem

153 1273 218 1338 fieri
244 1274 329 1339 dicat
351 1275 524 1358 theurgicis
549 1277 846 1356 consecrationibus,
871 1277 901 1340 in
923 1295 985 1357 qua
1003 1295 1063 1340 non
1085 1295 1121 1340 ea
1141 1277 1297 1353 uidentur,
1321 1260 1325 1267 ¹

154 1400 233 1462 quae
258 1401 331 1445 uere
355 1384 439 1446 sunt.
463 1382 607 1464 Denique
627 1383 761 1447 animam
781 1383 967 1447 rationalem
988 1385 1067 1458 siue,
1092 1386 1176 1466 quod
1196 1386 1299 1468 magis

154 1491 237 1552 amat
253 1488 365 1564 dicere,
389 1488 647 1565 intellectualem,
670 1489 701 1552 in
725 1508 782 1554 sua
800 1509 893 1571 posse
914 1491 991 1554 dicit
1010 1490 1151 1564 euadere,
1173 1491 1297 1556 etiarnsi

110 1621 135 1660 no
154 1595 237 1676 quod
261 1595 329 1658 eius
353 1595 495 1676 spiritale
521 1602 570 1660 est
592 1597 680 1660 nulla
703 1595 868 1679 theurgica
895 1597 992 1660 fuerit
1020 1601 1086 1660 arte
1110 1601 1297 1680 purgatum3

152 1718 243 1782 porro
268 1704 373 1766 autem
395 1721 412 1766 a
430 1702 566 1786 theurgo
591 1703 765 1785 spiritalem
789 1702 917 1786 purgari
935 1703 1098 1779 hactenus,
1123 1707 1160 1767 ut
1182 1723 1243 1768 non
1263 1723 1299 1768 er

152 1808 211 1872 hoc
236 1806 274 1870 ad
298 1807 556 1872 inmortalitatem
581 1809 860 1892 aeternitatemque
884 1811 1058 1892 perueniat.
1099 1809 1298 1894 Quamquam

151 1913 259 1996 itaque
292 1914 450 1978 discernat
473 1933 490 1978 a
514 1915 721 1980 daemonibus
754 1917 893 2000 angelos,
927 1917 1010 1981 aeria
1040 1917 1111 1982 loca
1134 1937 1204 1982 esse
1228 1918 1298 1982 dae·

152 2040 292 2096 monum,
317 2020 456 2085 aetheria
479 2022 532 2085 uel
556 2040 702 2104 empyrea
726 2023 884 2087 disserens
909 2024 1104 2106 angelorum,
1138 2028 1170 2088 et
1193 2025 1298 2090 admo·

108 2155 133 2194 n
153 2131 226 2191 neat
249 2127 402 2191 utendum
423 2127 558 2192 alicuius
579 2128 741 2192 daemonis
761 2130 910 2208 amicitia,
936 2149 997 2210 quo
1018 2131 1226 2196 subuectante
1246 2133 1299 2194 uel

152 2233 316 2315 paululum
343 2254 359 2296 a
383 2240 466 2298 terra
493 2236 595 2317 possit
623 2235 739 2299 cleuari
764 2236 898 2318 quisque
924 2241 997 2318 post
1025 2242 1169 2313 mortem,
1204 2238 1296 2300 aliam

152 2357 226 2404 uero
260 2339 346 2404 uiam
380 2360 449 2405 esse
481 2341 646 2425 perhibeat
677 2342 716 2405 cd
745 2343 927 2426 angelorum
958 2363 1094 2426 superna
1125 2345 1299 2409 consortia:

153 2446 324 2510 cauendam
344 2451 448 2510 tamen
469 2447 656 2512 daemonum
677 2448 861 2512 societatem
881 2469 1027 2532 expressa
1046 2451 1181 2532 quodam
1203 2451 1296 2515 modo

153 2552 349 2617 confessione
381 2557 525 2632 testatur,
561 2553 616 2618 ubi
640 2554 718 2618 dicit
748 2555 883 2618 animam
913 2559 988 2636 post
1017 2560 1151 2621 mortem
1182 2558 1298 2622 luendo

109 2679 268 2740 20poenas
298 2662 421 2724 cultum
450 2661 637 2725 daemonum
666 2681 683 2725 a
712 2662 827 2744 quibus
859 2661 1166 2726 circumueniebatur
1195 2664 1298 2727 horre-

153 2785 254 2829 scere:
270 2765 435 2850 ipsamque
450 2768 627 2851 theurgian,
640 2787 735 2850 quam
751 2768 841 2832 uelut
855 2769 1098 2833 conciliatricem
1116 2770 1297 2854 angelorum

153 2873 347 2955 deorumque
367 2873 576 2950 commendat,
597 2879 674 2957 aput
699 2875 777 2939 tales
798 2894 889 2958 agere
908 2878 1084 2956 potestates
1105 2895 1217 2960 negare
1237 2897 1297 2940 non

152 2981 268 3063 potuit,
288 2999 369 3062 quae
388 2983 440 3045 uel
460 2981 547 3064 ipsae
566 2982 730 3046 inuideant
748 2982 928 3066 purgationi
948 2983 1079 3060 animae,
1103 2985 1157 3047 uel
1176 2984 1297 3047 artibus

154 3087 295 3150 seruiant
317 3088 509 3164 inuidorum,
535 3089 694 3170 querelam
719 3089 757 3152 de
778 3090 886 3152 haere
907 3087 1056 3152 Chaldaei
1080 3091 1185 3154 nescio
1207 3091 1299 3155 cuius

109 3227 134 3266 2⁵
154 3213 353 3278 expromens:
386 3193 616 3276 ‘Conqueritur
641 3195 753 3277 inquit,
778 3196 827 3260 uir
850 3196 880 3259 in
906 3195 1063 3260 Chaldaea
1089 3197 1203 3271 bonus,
1228 3217 1298 3280 pur-

155 3301 275 3384 gandae
298 3302 420 3366 nnimae
453 3321 567 3385 magno
600 3302 629 3367 in
660 3301 822 3366 molimine
853 3303 1020 3366 frustratos
1050 3303 1110 3366 sibi
1135 3323 1204 3367 esse
1229 3321 1299 3366 suc·

154 3427 274 3484 cessus,
308 3427 381 3472 curn
412 3408 462 3471 uir
495 3408 533 3470 ad
567 3408 676 3472 eadem
705 3413 818 3490 potens
848 3410 953 3472 tactus
986 3409 1107 3473 inuidia
1139 3409 1299 3473 adiuratus

154 3514 253 3578 sacris
276 3513 422 3596 precibus
446 3515 603 3596 potentias
628 3514 811 3598 adligasset,
836 3535 873 3578 ne
897 3518 1058 3598 postulata
1082 3516 1298 3580 concederent.

193 3725 398 3794 ltheurgiasc
483 3725 601 3778 theletos
621 3739 656 3778 ea
729 3724 994 3794 2susceplionsms
1080 3728 1191 3778 etanta
1210 3724 1300 3792 angel.

154 3830 240 3869 oum
311 3818 339 3868 et
358 3819 423 3868 ante
442 3813 476 3868 ad
495 3830 544 3869 nm.
566 3815 619 3868 a¹e
673 3816 827 3882 5eaquee
900 3813 1064 3867 uernah²e
1122 3813 1299 3866 ducrbaEn

154 3919 208 3972 quo
227 3919 312 3971 acque
331 3903 370 3956 ad
388 3902 405 3956 l.
427 3909 446 3957 8
464 3919 528 3956 uere
547 3907 610 3956 sunt
628 3919 680 3958 om.
700 3901 756 3955 cb¹
825 3903 841 3956 8
860 3919 956 3956 uerae
1019 3904 1034 3955 9
1054 3903 1081 3956 in
1101 3903 1160 3970 sua]
1180 3902 1298 3971 insuper,

153 4009 203 4063 per
220 3992 252 4044 in
270 4009 325 4046 ras.
344 3992 470 4058 m.1(?),
489 3993 520 4058 b;
538 3993 564 4045 in
586 4009 731 4062 supernae
787 3993 820 4045 10
839 3991 979 4061 spirituale
995 4009 1020 4054 a,
1036 3997 1061 4044 cl
1075 3992 1115 4044 sic
1130 3992 1146 4044 l.
1161 3995 1192 4043 11
1246 3991 1298 4060 est]

154 4084 183 4135 et
203 4097 234 4146 a,·
253 4085 295 4134 est
315 4084 343 4134 et
362 4080 377 4133 b
434 4082 466 4134 13
487 4098 545 4134 esse
563 4082 657 4134 locun
713 4083 746 4134 14
766 4082 886 4151 empyria
904 4081 933 4146 h;
953 4081 1063 4150 enpyria
1076 4093 1102 4147 s;
1121 4079 1259 4149 emphyria
1273 4095 1302 4145 c;

154 4170 293 4240 estphyria
312 4187 331 4224 a
386 4172 419 4224 15
438 4170 609 4224 subiectante
629 4170 656 4223 h¹
713 4171 745 4224 16
765 4187 781 4223 a
799 4174 872 4223 terra
890 4168 1029 4239 paululum
1050 4187 1068 4222 a
1139 4169 1227 4238 possit
1245 4168 1299 4222 ele-

153 4261 213 4314 uari
231 4263 368 4313 a-terraa
423 4262 458 4314 24
476 4259 629 4313 inuidorum
648 4261 801 4313 seruiuntc
873 4257 1018 4327 querelam,
1036 4259 1068 4311 in
1085 4275 1170 4327 marg.
1190 4258 1226 4311 al.
1247 4274 1302 4327 qua

153 4347 299 4412 rciam,h
354 4350 387 4401 26
407 4365 535 4402 essenon.
556 4365 575 4402 α
628 4349 662 4401 27
683 4350 753 4417 curn]
774 4364 852 4404 cure
923 4351 1016 4416 potest
1035 4349 1144 4400 actuss
