3072 4930
282 460 344 523 180
627 455 653 509 S.
683 453 838 509 Aurelii
867 453 1083 522 Augustini

1332 543 1346 572 S

279 653 336 717 illo
364 671 427 716 unc
453 650 599 716 omnibus
624 649 802 734 supplicare
826 647 888 734 (sic
912 648 995 712 enim
1019 665 1109 712 nemo
1133 647 1332 728 irasceretur,
1358 669 1427 714 cunr

280 760 311 824 in
340 759 396 824 illo
425 777 488 824 uno
516 777 607 823 nemo
637 756 902 835 contemneretur)
925 755 1031 839 potius
1061 773 1155 837 quam
1179 754 1276 820 cultis
1301 756 1427 840 quibus-

282 866 353 930 dam
389 865 475 929 iusta
516 862 670 928 irascendi
712 881 808 927 eausa
847 861 922 939 illis,
962 861 1016 943 qui
1056 861 1272 944 praetermissi
1313 865 1425 935 essent,

282 973 384 1038 multo
421 969 692 1035 numerosioribus
729 969 940 1052 praeberetur,
973 968 1159 1051 praesertim
1197 987 1269 1032 cum
1307 968 1354 1034 eis
1389 969 1424 1032 de

282 1097 419 1161 superna
447 1076 521 1142 sede
548 1075 745 1160 fulgentibus
768 1075 854 1158 turpi
877 1074 1021 1138 nuditate
1046 1073 1203 1141 distentus
1227 1093 1426 1159 praeponere·
1451 1097 1461 1134 a

283 1189 336 1250 tur
358 1185 503 1267 Priapus.

744 1305 879 1372 CAPUT
902 1306 971 1371 XII.

285 1435 338 1499 De
368 1431 560 1516 opinione
593 1451 740 1510 eorum,
769 1431 836 1513 qui
864 1430 988 1495 Deum
1021 1433 1189 1497 animam
1222 1432 1358 1496 mnndi
1389 1435 1423 1496 et

429 1539 615 1604 mundum
640 1555 786 1620 corpus
811 1537 884 1601 Dei
909 1557 998 1602 esse
1021 1541 1282 1620 putauerunt.

330 1664 434 1745 Quid?
453 1660 535 1728 illud
557 1681 658 1727 nonne
682 1661 776 1726 debet
794 1680 921 1726 monere
941 1665 1052 1726 acutos
1071 1661 1215 1727 homines
1235 1662 1287 1728 uel
1307 1663 1421 1746 quales·
1439 1683 1460 1720 a

287 1788 422 1852 cumque
441 1767 585 1833 homines
601 1771 673 1849 (non
694 1767 776 1830 enim
796 1766 835 1831 ad
855 1765 915 1831 boc
929 1765 1047 1850 ingenii
1065 1787 1145 1851 opus
1160 1771 1210 1832 est
1225 1769 1421 1848 excellentia),

285 1881 323 1942 ut
350 1875 495 1960 deposito
524 1873 630 1939 studio
660 1873 871 1937 contentionis
900 1873 1081 1955 adtendant,
1110 1875 1137 1938 si
1165 1875 1276 1940 mundi
1308 1875 1421 1940 animus

286 1983 373 2048 Deus
403 1985 453 2046 est
480 1981 570 2063 eique
599 1979 703 2044 animo
732 1978 871 2045 mundus
900 1982 937 2044 ut
965 1999 1079 2064 corpus
1108 1985 1166 2060 est,
1195 1986 1233 2047 ut
1260 1983 1303 2047 sit
1334 2001 1421 2046 unurn

288 2087 403 2154 animal
432 2091 579 2152 constans
609 2106 644 2150 er
677 2085 781 2151 animo
816 2088 848 2150 et
880 2104 1019 2169 corpore,
1048 2087 1150 2170 adque
1182 2088 1244 2153 iste
1268 2088 1353 2154 Dens
1379 2090 1423 2152 est

287 2196 357 2259 stnu
382 2193 518 2277 quadam
541 2196 671 2258 naturae
694 2191 725 2256 in
751 2211 784 2258 se
807 2191 877 2276 ipso
903 2193 1068 2257 continens
1088 2194 1202 2269 omnia,
1222 2199 1259 2259 ut
1278 2215 1313 2260 ex
1330 2194 1421 2277 ipsius
1438 2215 1459 2253 re

288 2301 402 2379 anima,
432 2319 494 2383 que
521 2299 703 2364 uiuificatur
729 2302 798 2364 tota
825 2299 888 2364 ista
919 2300 1030 2378 moles,
1058 2299 1145 2365 uitae
1178 2300 1280 2382 adque
1312 2301 1421 2365 animae

289 2411 475 2473 cunctorum
503 2406 681 2471 uiuentium
709 2426 765 2489 pro
793 2407 949 2490 cuiusque
977 2407 1127 2472 nascendi
1152 2409 1235 2472 sorte
1260 2411 1422 2482 sumantur,

289 2514 369 2579 nihil
397 2513 523 2579 omnino
551 2531 720 2590 remanare,
746 2511 830 2595 qnod
857 2533 918 2578 nou
948 2513 991 2577 sit
1018 2533 1091 2596 pars
1114 2513 1184 2579 Dei.
1225 2511 1316 2592 Quod
1339 2514 1366 2579 si
1386 2514 1423 2575 ita

290 2619 445 2703 estquis
474 2639 534 2684 non
561 2619 671 2684 uideat
697 2623 815 2701 quanta
841 2619 977 2704 inpietas
1010 2625 1043 2684 et
1069 2620 1296 2705 inreligiositas
1329 2637 1423 2686 conse·
1513 2667 1514 2670 ,

290 2731 415 2811 quatur,
439 2731 485 2805 ut,
511 2727 594 2809 qnod
623 2727 794 2791 calcauerit
817 2727 961 2809 quisquc,
986 2729 1108 2810 partem
1131 2725 1191 2790 Dei
1215 2728 1326 2805 calcet,
1349 2731 1379 2791 et
1399 2726 1424 2788 in
1440 2747 1460 2786 ro

290 2835 375 2899 omni
408 2833 566 2898 animante
595 2832 766 2898 occidendo
794 2853 866 2916 pars
895 2834 954 2900 Dei
982 2834 1179 2900 trucidetur?
1221 2833 1303 2900 Nolo
1332 2833 1427 2900 omnia

292 2939 404 3016 dicere,
434 2959 513 3022 quae
542 2943 678 3023 possunt
706 2959 867 3005 occurrere
895 2941 1121 3024 cogitantibus,
1146 2941 1208 3007 dici
1236 2945 1341 3008 autem
1368 2941 1426 3006 sine

291 3047 481 3113 uerecundia
504 3068 565 3113 non
588 3052 734 3130 possunt.

743 3240 878 3307 CAPUT
901 3241 989 3307 XIII.

294 3363 348 3426 De
379 3363 456 3440 his,
481 3363 549 3445 qai
579 3364 667 3430 sola
694 3365 918 3429 rationalia
942 3365 1164 3432 animantia
1186 3370 1325 3450 partas
1349 3377 1461 3430 ossea

643 3471 762 3536 unius
786 3471 859 3536 Dei
883 3471 1087 3538 adserunt.

340 3591 374 3658 Si
393 3597 499 3658 autem
519 3593 587 3659 sola
606 3595 751 3660 animalia
770 3595 945 3674 ratlanalia,
966 3596 1051 3661 sicut
1069 3600 1144 3662 sunt
1162 3597 1316 3677 homines,
1334 3597 1427 3681 partes

294 3699 355 3764 Dei
388 3719 457 3765 esse
491 3703 697 3768 contendunt:
730 3722 792 3767 non
826 3703 919 3768 uideo
956 3705 1093 3787 quidem,
1124 3705 1151 3770 si
1183 3710 1271 3770 totus
1304 3703 1427 3769 mundns

296 3806 381 3870 Deus
411 3809 469 3884 est,
500 3827 561 3890 quo
590 3809 683 3874 modo
711 3810 831 3876 bestias
860 3811 898 3875 ab
928 3811 997 3876 eius
1024 3811 1168 3895 partibus
1197 3817 1355 3896 separaum
1382 3805 1427 3874 sel

333 3997 348 4050 2
364 4001 429 4065 post
449 4014 500 4052 uno
521 4005 584 4054 cett.
605 3999 678 4054 edico.
699 4006 723 4054 et
740 4000 852 4056 Domb¹
869 4002 997 4058 inserunt
1019 4003 1118 4058 irruitis
1140 4003 1218 4057 libris
1237 4019 1298 4057 ruas.
1318 3999 1428 4056 omnibus

298 4085 496 4154 supplicaretur
549 4090 650 4156 tqum
669 4087 727 4141 Lu
784 4091 848 4144 Get
866 4091 975 4160 priapus
989 4089 1047 4145 A²c
1102 4091 1195 4145 {lesse
1215 4091 1259 4145 dei
1274 4107 1295 4164 p
1348 4093 1428 4161 putau.

297 4189 348 4226 om.
365 4189 386 4240 p
450 4175 482 4228 lc
503 4173 645 4230 nibiliola
703 4177 734 4230 17
755 4177 857 4231 uibent.
877 4177 904 4232 L
975 4177 1105 4233 nascendi
1123 4179 1201 4233 codd.
1220 4185 1328 4249 eccepto
1346 4193 1427 4248 q51ta·
1509 4167 1510 4230 l

298 4262 398 4315 scentia
417 4279 458 4330 qa
548 4265 582 4318 25
602 4281 660 4318 esse
679 4265 759 4318 unius
779 4266 900 4321 delesse
920 4267 1050 4321 adserunt
1070 4267 1093 4320 0
1180 4269 1214 4322 27
1238 4267 1429 4324 raucuabiliae

298 4351 333 4403 29
353 4348 419 4404 deus
440 4353 482 4404 est
499 4350 573 4418 LA,
592 4369 613 4406 a.
634 4352 660 4409 d.
682 4353 780 4408 Orell.
800 4371 815 4409 v
