3094 4932
508 1219 886 1332 PRAEFATIO.

167 1611 197 1676 S.
221 1610 343 1675 Aurelii
367 1609 539 1694 Augustini
564 1610 602 1675 do
622 1609 760 1676 Ciuitate
779 1611 840 1676 Dei
863 1611 934 1676 libri
953 1613 1045 1678 XXII
1067 1613 1183 1698 integri
1206 1633 1268 1680 non

124 1718 183 1784 nisi
212 1717 442 1782 recentioribus
474 1717 565 1782 libris
598 1737 676 1783 mss.
706 1719 825 1784 semati
855 1721 939 1798 sunt,
969 1737 1042 1784 cum
1071 1721 1265 1786 uetustiores

124 1824 245 1889 codices
269 1843 330 1888 non
354 1823 415 1888 nisi
439 1827 544 1906 partes
569 1823 672 1906 operis
697 1825 887 1890 contineant.

163 1929 413 1996 Vetustissimos
439 1930 544 2007 codex,
570 1931 624 2014 qui
647 1931 818 2017 Luguduni
845 1931 876 1996 in
899 1931 1102 1998 Bibliotheca
1125 1932 1314 2003 ciuitatish
1434 1924 1437 1929 ¹

124 2039 313 2115 asseruntur,
348 2057 378 2102 n.
413 2038 475 2102 607
509 2036 682 2121 insignitus
711 2036 800 2122 (olim
835 2041 898 2103 523
927 2038 987 2118 bie,
1021 2039 1052 2103 in
1085 2039 1267 2104 Dalandinii

123 2143 264 2228 catalogo
294 2143 447 2229 omissus)
477 2143 603 2208 saeculo
632 2142 686 2207 VI.
715 2144 831 2209 litteris
855 2145 1117 2210 semiuncialibus
1141 2145 1266 2210 duabus

122 2250 275 2316 columnis
300 2250 437 2334 scriptus
460 2249 558 2316 libros
583 2250 722 2334 quinque
745 2250 865 2334 priores
890 2251 1039 2316 continet.
1076 2253 1266 2318 Accuratam

122 2356 213 2421 huius
252 2356 371 2422 codicis
410 2357 653 2440 descriptionem
688 2357 830 2424 exhibuit
861 2358 1042 2441 Leopoldus
1076 2359 1198 2424 Delisle
1234 2359 1266 2424 in

122 2464 285 2528 annalibus
319 2463 459 2530 ‘Notices
489 2467 521 2529 ct
548 2464 686 2530 Extraits
716 2463 771 2528 des
795 2465 986 2530 manuscrits
1020 2465 1058 2529 dc
1090 2467 1121 2530 la
1153 2465 1265 2531 biblio·

121 2569 236 2654 tbbquc
259 2570 418 2636 nationale
443 2575 476 2636 st
498 2576 604 2636 autres
623 2571 870 2654 bibliothequea
890 2571 1016 2656 publiea
1035 2591 1092 2654 par
1108 2572 1266 2638 l’Institut

120 2677 258 2742 rational
290 2677 328 2742 de
361 2677 491 2756 Franco,
523 2693 600 2744 tom.
623 2678 739 2756 XXIX,
772 2678 862 2742 Paris
897 2680 993 2756 1880,
1025 2699 1055 2762 p.
1087 2679 1152 2743 366
1184 2680 1264 2762 sqq.'

120 2783 298 2849 Dolendum
327 2787 377 2850 est
404 2785 488 2868 quod
516 2785 568 2850 hic
597 2784 693 2850 codex
720 2787 753 2850 et
778 2785 902 2850 lacunis
931 2785 1126 2850 deformatus
1155 2789 1204 2851 est
1233 2789 1265 2850 et

121 2889 183 2954 situ
212 2891 245 2954 ct
266 2889 436 2955 umiditate
460 2891 640 2969 mutilatus,
665 2893 702 2955 ut
725 2891 867 2975 margine
891 2909 1017 2956 corroso
1042 2890 1127 2956 haud
1151 2891 1264 2975 exigna

119 3014 187 3077 pars
221 2997 420 3080 superiorum
448 2997 593 3080 inprimis
627 3017 777 3062 uersuum
806 2997 838 3061 in
868 2997 1074 3062 exterioribus
1107 2996 1263 3062 columnis

119 3102 284 3187 perierit.¹)
322 3101 425 3168 Codex
459 3105 513 3187 qui
545 3123 627 3169 nunc
659 3104 746 3169 iuliis
777 3105 840 3168 138
870 3107 1004 3184 constat,
1034 3123 1107 3169 curn
1139 3105 1264 3188 integer

120 3213 211 3288 esset,
230 3228 329 3274 unum
353 3213 385 3274 et
408 3209 526 3294 uiginti
551 3209 772 3294 quaterniones
797 3211 830 3274 at
852 3229 951 3275 unum
976 3211 1158 3293 quinionem
1178 3229 1262 3276 com·

162 3427 181 3492 1)
200 3428 239 3484 Ut
258 3428 408 3497 exemplum
427 3427 548 3483 mutilati
566 3429 697 3498 marginis
716 3445 826 3499 ponam:

156 3519 174 3573 l.
192 3521 218 3581 4,
238 3536 259 3581 r,
279 3518 329 3572 col.
348 3518 365 3572 b
385 3523 421 3588 (p.
441 3519 484 3583 32,
504 3519 537 3572 21
558 3523 628 3588 sqq)
755 3519 774 3572 f.
792 3521 818 3583 4,
838 3537 863 3583 v,
883 3519 934 3574 col.
953 3535 970 3572 a
989 3523 1026 3590 (p.
1045 3519 1089 3584 33,
1110 3519 1143 3573 10
1163 3521 1232 3588 sqq.)

158 3607 314 3662 ruinnantur
333 3607 445 3676 [bonam
762 3609 879 3677 inteq]rc
897 3610 944 3662 aut
964 3623 995 3662 eo
1015 3605 1087 3676 quod

158 3696 312 3766 iustamque
331 3696 433 3766 nit[am
452 3713 495 3750 om
759 3697 849 3766 nullo]
871 3699 1029 3750 contrectari

158 3785 221 3838 nino
240 3801 294 3838 non
313 3785 455 3855 militarunt
760 3791 808 3840 tur
827 3785 956 3855 adtulctu
976 3801 1035 3838 cum
1053 3801 1103 3854 pos

158 3873 231 3944 qnod
249 3875 273 3926 si
291 3874 347 3928 tale
367 3873 484 3942 aliquid
759 3875 817 3929 aiut
835 3873 966 3944 dtu[crsis
986 3871 1093 3928 casibus

158 3966 199 4016 est
217 3961 353 4032 pudicitia
372 3963 414 4032 [at
432 3963 500 4033 quid
758 3965 852 4033 dium]
872 3963 1015 4018 uulnerata

156 4069 204 4122 pro
223 4052 272 4106 illa
289 4068 323 4106 ne
343 4053 500 4123 amitaeque
757 4054 828 4122 olim
846 4053 953 4123 perpeti
973 4054 1000 4106 et

158 4142 240 4195 etiam
259 4158 319 4196 curn
337 4141 457 4211 periculo
477 4159 556 4212 corpo
759 4141 857 4196 medici
877 4139 1023 4212 aliquando

157 4229 193 4284 ris
213 4233 264 4284 etc.
757 4235 808 4284 etc.

158 4319 297 4388 Specimen
317 4319 466 4389 scripturae
486 4321 574 4373 exstat
588 4319 615 4372 in
628 4319 685 4374 tab.
700 4317 761 4375 VII.
776 4319 877 4386 operis:
898 4317 1005 4372 ‘Album
1019 4315 1256 4387 Paleographiqae

117 4409 178 4462 cett.
196 4423 244 4476 par
261 4407 290 4461 la
308 4407 415 4462 Societt
435 4407 468 4462 dc
487 4394 589 4462 l'ldcolc
609 4408 655 4463 des
676 4407 807 4472 Chartes,'
827 4409 911 4465 Paris.
934 4408 1010 4461 1887.

141 4533 219 4572 mx
232 4531 291 4582 nug.
306 4543 377 4584 opera
390 4533 466 4576 Sestio
480 4532 500 4574 V
513 4543 567 4583 para
582 4533 601 4573 1.
1204 4527 1221 4566 Β
