3108 4926
267 434 331 498 286
556 421 560 430 ’
617 430 644 486 S.
672 430 830 486 Aurelii
857 429 1073 500 Augustini

266 627 322 690 sed
347 625 452 690 ciuilis
482 625 673 710 theologiae,
698 645 716 688 a
739 628 826 690 tauto
851 628 978 690 auctore
1002 625 1191 708 produntur:
1215 644 1277 690 nou
1297 625 1416 690 frustra

265 732 435 797 histriones
472 731 605 796 ludicris
643 731 765 796 artibus
801 731 927 816 fingunt
964 731 1094 796 deorum
1132 750 1211 813 quae
1244 733 1333 795 tauta
1363 733 1416 796 est

265 837 506 922 turpitudinem,
527 837 583 903 sed
606 839 699 922 plano
722 839 841 903 frustra
863 838 1043 904 sacerdotes
1067 838 1158 903 uelut
1181 838 1279 903 sacris
1297 837 1414 902 ritibus

266 949 418 1010 conantur
445 944 562 1030 fingere
591 945 722 1010 deorum
751 964 831 1028 quae
863 945 952 1010 nulla
985 947 1034 1010 est
1065 946 1275 1010 honestatem.
1318 943 1416 1010 Sacra

265 1056 341 1116 suut
362 1051 503 1130 Iunonis,
523 1055 556 1117 et
577 1051 655 1118 hacc
678 1052 710 1116 in
734 1052 802 1117 eius
827 1051 943 1116 dilecta
965 1051 1071 1116 insula
1094 1050 1188 1118 Samo
1212 1051 1415 1117 celebrabau-
1446 1075 1458 1116 ε

264 1161 326 1234 tur,
356 1157 412 1222 ubi
444 1162 580 1240 nuptum
614 1159 686 1224 data
718 1163 768 1223 cst
799 1158 884 1234 Ioui;
920 1177 1009 1223 sacra
1041 1161 1117 1224 sunt
1145 1157 1277 1236 Cereris,
1306 1157 1363 1222 ubi
1396 1178 1415 1222 a

264 1263 399 1329 Plutone
427 1267 518 1347 rapta
543 1265 733 1348 Proserpina
760 1265 934 1347 quaeritur;
968 1283 1058 1330 sacra
1086 1267 1161 1330 suut
1184 1264 1329 1342 Veneris,
1358 1264 1414 1329 ubi

264 1373 387 1436 amatus
408 1372 476 1438 eius
491 1371 581 1436 Adon
601 1372 708 1456 aprino
729 1373 821 1437 dente
841 1372 997 1438 extinctus
1016 1372 1142 1436 iuuenis
1161 1371 1414 1436 formosissimus

266 1477 442 1562 plangitur3
472 1497 562 1544 sacra
584 1482 660 1543 sunt
682 1479 795 1544 Matris
824 1479 929 1558 deum,
953 1478 1008 1544 ubi
1034 1479 1120 1543 Attis
1148 1478 1280 1560 pulcher
1308 1477 1415 1542 adule-

264 1603 354 1649 scens
375 1585 413 1649 ab
434 1603 471 1650 ea
489 1585 624 1650 dilectus
645 1589 677 1650 et
699 1584 847 1650 muliebri
870 1585 937 1650 zelo
963 1584 1107 1650 abscisus
1131 1584 1225 1649 etiam
1246 1585 1413 1650 homiuum
1432 1611 1456 1650 uo

264 1691 471 1769 abscisorum,
496 1711 575 1775 quos
601 1691 709 1759 Gallos
733 1695 859 1772 uocant,
882 1692 1071 1757 infelicitate
1095 1692 1286 1776 deploratur.
1323 1691 1413 1756 Haec

263 1817 336 1862 cum
366 1796 553 1864 deformiora
580 1799 644 1864 sint
672 1799 758 1864 omni
786 1799 931 1864 scaenica
957 1797 1120 1876 foeditate,
1144 1796 1221 1880 quid
1248 1801 1299 1862 est
1327 1796 1413 1880 quod

262 1904 409 1970 fabulosa
432 1905 470 1970 de
494 1905 542 1970 dis
566 1905 716 1989 figmenta
739 1908 905 1988 poetarum
929 1904 968 1970 ad
991 1905 1151 1970 theatrum
1173 1904 1327 1969 uidelicet
1343 1923 1412 1986 per-

262 2012 396 2076 tinentia
431 2012 523 2076 uelut
560 2030 722 2076 secernere
759 2011 904 2076 nituntur
935 2031 953 2076 a
985 2012 1073 2076 ciuili
1109 2011 1282 2095 theologia,
1316 2030 1411 2094 quam

262 2118 417 2201 pertinere
441 2118 480 2182 ad
503 2118 612 2183 urbem
633 2119 757 2196 uolunt,
778 2119 869 2201 quasi
888 2120 926 2183 ab
945 2118 1087 2204 honestis
1108 2123 1140 2183 et
1158 2119 1262 2204 dignis
1281 2118 1413 2204 indigua
1429 2143 1453 2183 ιε

262 2226 295 2288 et
316 2225 442 2308 turpia?
466 2223 577 2307 ltaque
599 2227 707 2308 potius
732 2229 782 2290 est
805 2225 887 2290 unde
911 2226 1029 2310 gratiae
1054 2225 1227 2290 debeantur
1248 2225 1411 2290 histrioni-

261 2331 332 2408 bus,
357 2331 411 2413 qui
440 2333 542 2396 oculis
570 2332 734 2397 hominum
760 2337 968 2416 pepercerunt
995 2351 1052 2398 neo
1081 2333 1188 2398 omnia
1215 2331 1411 2416 spectaculis

261 2437 469 2516 nudauerant,
508 2457 588 2521 quae
626 2458 787 2504 sacrarum
828 2439 953 2505 aedium
994 2440 1168 2523 parietibus
1211 2439 1409 2505 occuluntur.

262 2541 345 2622 Quid
377 2544 416 2609 de
450 2546 548 2610 sacris
582 2565 690 2612 eorum
721 2547 797 2611 boni
827 2547 1030 2612 sentiendum
1063 2551 1121 2625 est,
1156 2565 1235 2628 quae
1267 2546 1409 2612 tenebris

261 2650 454 2732 operiuntur,
483 2672 556 2717 cum
587 2656 653 2717 tam
689 2653 753 2718 siut
786 2653 996 2732 detestabilia,
1030 2673 1110 2735 quae
1141 2653 1346 2735 proferuntur
1378 2653 1408 2716 in
1427 2681 1451 2720 ro
1548 2641 1549 2652 ¹

260 2756 387 2824 lucem?
409 2759 450 2824 ut
473 2765 559 2825 certe
585 2760 661 2842 quid
683 2760 715 2825 in
735 2761 861 2825 occulto
881 2764 977 2844 agant
995 2780 1051 2844 per
1069 2760 1212 2826 abscisos
1232 2763 1264 2823 et
1282 2759 1408 2839 molles,

259 2861 323 2945 ipsi
351 2865 502 2944 uiderint3
536 2868 665 2932 eosdem
693 2871 798 2932 tamen
826 2869 969 2933 homines
1002 2868 1173 2933 infeliciter
1204 2885 1241 2931 ao
1272 2867 1410 2950 turpiter

260 2975 427 3037 eneruatos
456 2972 559 3055 adque
588 2977 751 3058 corruptos
781 2976 940 3040 occultare
963 2975 1093 3040 minime
1115 2977 1297 3058 potuerunt
1336 2975 1409 3038 Per·

261 3076 413 3142 suadeant
445 3080 496 3144 cui
533 3084 668 3164 possunt
700 3101 734 3146 se
767 3081 888 3165 aliquid
921 3085 1066 3146 sanctum
1103 3100 1160 3163 per
1195 3081 1276 3145 tales
1314 3100 1408 3165 agere
1546 3153 1547 3174 ζ

259 3181 413 3262 homines,
434 3205 513 3267 quos
537 3187 619 3252 inter
642 3207 700 3252 sua
723 3191 833 3253 sancta
854 3188 1011 3253 numerari
1035 3187 1136 3270 adque
1156 3186 1275 3252 uersari
1292 3205 1408 3271 negare
1425 3213 1449 3255 ro
1546 3185 1547 3204 ¹

259 3307 319 3354 nou
348 3295 493 3374 possunt.
530 3292 699 3359 Nescimus
729 3294 805 3378 quid
837 3299 942 3379 agant,
967 3295 1022 3359 sed
1056 3295 1176 3359 scimus
1207 3313 1264 3378 per
1295 3293 1407 3376 quales

260 3399 364 3478 agant.
397 3397 554 3464 Nouimus
579 3402 661 3466 enim
686 3421 764 3485 quae
788 3405 921 3486 agantur
943 3402 975 3466 iu
1000 3420 1122 3480 scaena,
1147 3420 1209 3482 quo
1232 3418 1407 3481 numquam

260 3503 312 3566 uel
344 3503 376 3568 iu
409 3505 503 3572 choro
536 3508 739 3573 meretricum
771 3509 916 3574 abscisus
954 3511 1010 3573 aut
1046 3507 1153 3574 mollis
1190 3507 1336 3584 intrauit;
1376 3511 1408 3571 et

259 3611 364 3675 tamen
393 3611 488 3677 etiam
515 3614 586 3697 ipsa
612 3619 721 3698 turpes
750 3620 781 3679 et
808 3615 941 3680 infames
971 3619 1082 3699 agunt;
1115 3633 1216 3698 neque
1249 3613 1333 3679 euim
1368 3613 1406 3678 ab

296 3801 307 3852 1
330 3805 439 3856 auctore
459 3802 536 3861 codd.
552 3810 664 3872 praeter
681 3804 710 3868 0,
724 3805 755 3858 in
769 3821 822 3874 quo
838 3803 955 3868 doctore,
971 3804 1045 3873 quod
1057 3803 1156 3858 Domb.
1171 3805 1272 3872 recepit
1326 3807 1342 3858 5
1363 3819 1404 3858 ce·

257 3889 433 3946 lebrabuntur
449 3892 473 3945 0
481 3911 499 3946 a
510 3894 551 3947 dc
561 3893 661 3961 ulc²f,·
675 3894 847 3949 celebrantur
860 3895 876 3948 b
887 3895 897 3948 l
902 3912 923 3963 ρ
934 3895 1013 3962 gfdc
1068 3895 1083 3948 'l
1098 3895 1205 3964 plutote
1219 3894 1244 3948 c¹
1298 3895 1315 3948 8
1333 3893 1404 3948 edon

261 3977 535 4050 ffladelpqalef
550 3982 665 4050 Domb.,·
683 3983 777 4038 adonis
799 3983 830 4036 0¹
842 3983 894 4038 b¹o
965 3985 981 4037 9
1000 3985 1094 4038 matris
1114 3983 1201 4046 deum,
1220 3983 1405 4052 superscripto

258 4068 274 4120 i.
295 4071 406 4139 e.'opis‚
427 4071 443 4123 b
498 4070 607 4125 deorum
627 4089 640 4126 e
702 4073 765 4126 attis
788 4072 1012 4141 Οαεῐρειῖεἶ,Ι
1030 4073 1102 4126 athis
1122 4073 1152 4140 b;
1170 4077 1231 4126 atus
1251 4073 1284 4138 d,·
1301 4073 1404 4141 Atpsv

259 4157 291 4210 13
311 4159 473 4214 teatrumG
527 4161 560 4216 15
580 4161 670 4216 orbem
693 4161 725 4216 0¹
782 4163 815 4216 18
834 4163 993 4218 occuluntur
1013 4161 1227 4232 Catadupa·
1246 4163 1406 4216 occulantur

258 4243 298 4308 b¹,·
326 4247 498 4300 occultontur
525 4249 567 4316 u¹;
596 4250 803 4304 occultabantur
830 4249 931 4319 a²k²f
1023 4251 1058 4305 23
1087 4250 1196 4304 nriuime
1224 4249 1360 4304 occultare
1389 4267 1404 4304 o

256 4333 291 4385 25
310 4349 386 4388 sacra
405 4334 431 4389 b¹
496 4338 529 4391 27
550 4339 620 4391 enim
643 4337 723 4404 Ceu·
743 4342 832 4392 autern
853 4339 1175 4408 ablpqufchomb.
1249 4345 1368 4408 aguntur
1388 4357 1404 4390 a
