3136 4934
294 412 358 476 376
646 411 672 464 S
701 409 856 466 AurelH
884 409 1099 478 Augustini

294 606 382 669 iussa
406 607 600 689 couplesset;
633 607 694 670 iste
719 608 825 670 autem
854 605 927 670 illos
960 624 1018 670 nec
1050 608 1116 668 tam
1148 603 1432 668 malos·timendos

294 714 395 793 putat,
416 713 472 777 sed
491 732 567 778 suae
588 712 762 778 sententiae
782 713 878 777 robur·
897 711 1153 777 constantissime
1173 711 1311 775 retinens
1331 727 1432 774 omncs
1534 768 1535 800 ,

294 821 459 901 poetarum
483 819 654 903 sacrilegas
679 838 790 904 nugas,
816 818 932 902 quibus
965 817 1013 882 illi
1045 817 1255 882 inmunditiae
1288 816 1433 882 societate
1534 833 1535 838 ’

295 925 504 1004 oblectantur,
533 945 551 990 a
578 925 696 1008 populo
724 926 803 990 benc
836 924 984 990 instituto
1017 943 1179 989 remouere
1212 943 1273 988 non
1304 923 1432 987 dubitat.

295 1029 387 1095 Hunc
417 1034 522 1095 autem
546 1031 721 1110 Platonem,
747 1032 832 1114 quod
864 1031 926 1096 iam
959 1032 990 1097 in
1024 1031 1162 1096 secundo
1194 1031 1275 1096 libro
1307 1048 1468 1096 comme-s

294 1137 427 1214 morsui,
451 1139 534 1202 inter
557 1139 713 1203 semideos
738 1139 842 1202 Labeo
868 1139 965 1222 ponit.
992 1135 1053 1217 Qui
1077 1137 1181 1202 Labeo
1205 1137 1336 1202 numina
1358 1137 1433 1200 mals

294 1243 437 1310 uictimis
462 1245 600 1309 cruentis
624 1244 725 1326 adque
754 1245 850 1309 huius
883 1243 970 1310 modi
1003 1243 1291 1328 supplicationibus
1324 1244 1432 1328 placari

295 1351 465 1426 existimat,
489 1350 571 1414 bona
595 1369 669 1415 uero
694 1350 778 1415 ludis
804 1354 836 1416 et
858 1351 977 1416 talibus
1003 1351 1093 1433 quasi
1123 1351 1161 1416 ud
1189 1350 1345 1414 laetitiam
1373 1369 1432 1432 per·
1535 1332 1536 1424 l

296 1457 472 1522 tinentibus
500 1457 605 1522 rebus.
649 1454 733 1536 Quid
761 1461 810 1522 est
839 1477 911 1542 ergo
946 1457 1029 1540 quod
1064 1457 1223 1522 semideus
1255 1456 1347 1522 Plato
1378 1475 1431 1520 non

295 1563 454 1636 semideis,
494 1563 550 1626 sed
587 1563 664 1640 deis,
703 1566 735 1628 et
771 1563 830 1628 hoo
869 1563 970 1643 bonis,
1006 1565 1062 1627 illa
1094 1563 1335 1641 oblectamenta,
1368 1561 1466 1644 quino

294 1669 416 1734 iudicat
439 1671 553 1752 turpia,
583 1671 648 1734 tam
682 1673 861 1735 constanter
895 1669 991 1735 audet
1022 1669 1164 1734 auferre?
1207 1667 1269 1749 Qui
1303 1689 1376 1734 sane
1405 1667 1431 1732 di

295 1775 444 1841 refellunt
467 1777 656 1841 sententiam
680 1777 848 1853 Labeonis;
873 1797 956 1855 nam,
977 1797 1011 1841 se
1030 1777 1061 1840 in
1080 1776 1202 1841 Latinio
1222 1796 1282 1842 non
1302 1775 1431 1840 lascinos

294 1884 417 1947 tantum
443 1882 544 1965 adque
568 1883 772 1960 ludibundos,
794 1883 964 1948 sedetiam
985 1902 1098 1948 saeuos
1117 1883 1336 1966 terribilesque
1354 1900 1430 1946 mon-

296 1991 447 2054 strarunt.
472 1989 636 2074 Exponant
660 2009 734 2074 ergo
758 1989 849 2055 nobis
874 1989 937 2054 ista
959 1989 1126 2064 Platonici,
1152 1989 1206 2073 qui
1230 2009 1339 2054 onmes
1363 1989 1429 2054 deos
1536 2033 1537 2072 ἐ

297 2095 471 2161 secundum
496 2097 634 2162 auctoris
659 2095 708 2160 sui
735 2096 921 2161 seutentiam
946 2096 1045 2162 bonos
1075 2099 1107 2161 et
1133 2096 1285 2161 honestos
1315 2099 1346 2161 et
1375 2095 1429 2158 uir·
1445 2111 1464 2151 u

295 2201 420 2266 tutibus
445 2203 639 2285 sapientium
665 2203 768 2266 socios
797 2221 867 2267 esse
896 2203 1085 2267 arbitrantur
1118 2204 1270 2286 aliterque
1304 2202 1340 2266 de
1370 2201 1429 2266 ullo

296 2307 426 2373 deorum
451 2309 562 2373 sentiri
586 2309 673 2373 nefas
697 2309 820 2374 habent.
863 2309 1067 2391 Exponimus,
1100 2309 1258 2394 inquiunt.
1304 2307 1430 2374 Adtento

294 2414 393 2498 igitur
417 2415 592 2482 audiamus.

734 2609 871 2674 CAPUT
895 2609 998 2673 XlIIl.

296 2749 351 2813 De
375 2750 568 2834 opinione
594 2771 738 2831 eorum,
769 2751 837 2833 qui
870 2752 1096 2816 rationales
1130 2751 1283 2815 animas
1316 2749 1462 2814 triunieo

296 2875 489 2940 generum
514 2877 603 2922 esse
629 2858 830 2936 dixerunt,
855 2857 893 2922 id
918 2861 981 2922 est
1007 2859 1046 2922 in
1075 2857 1137 2922 dis
1170 2857 1426 2932 caelestibus,

330 2964 368 3028 in
393 2965 660 3030 daemonibus
685 2965 810 3030 aeriis
835 2969 874 3029 et
896 2966 933 3029 in
957 2964 1191 3029 hominibus
1215 2963 1396 3030 terrenis.

340 3103 501 3182 Omnium,
525 3107 683 3190 inquiunt,
708 3108 902 3182 animalium,
927 3107 959 3172 in
984 3107 1099 3189 quibus
1131 3109 1181 3170 est
1213 3106 1317 3170 anima
1345 3104 1427 3168 ratio·

295 3211 387 3290 nelis,
412 3213 569 3295 tripertita
593 3213 708 3278 dinisio
733 3217 792 3290 est,
816 3215 847 3279 in
873 3213 961 3286 deos.
989 3213 1144 3288 homines,
1178 3211 1355 3278 daemones.
1392 3209 1427 3274 Di

296 3320 548 3386 excelsissimum
590 3321 696 3387 locum
738 3323 856 3394 tenent,
894 3319 1038 3384 homines
1080 3317 1235 3393 intimum,
1274 3318 1462 3382 daemoncse

295 3426 446 3492 medium.
472 3425 552 3492 Nam
578 3427 707 3492 deorum
732 3427 823 3493 sedes
847 3427 877 3490 in
904 3425 990 3490 caelo
1016 3430 1076 3501 est,
1100 3423 1265 3488 hominum
1289 3425 1319 3488 in
1346 3427 1426 3496 tona,

295 3533 326 3597 in
352 3551 421 3596 aere
446 3532 643 3599 daemonum.
682 3533 771 3599 Siout
801 3533 846 3598 eis
880 3533 1005 3596 diuersa
1038 3530 1176 3616 dignitas
1210 3534 1260 3595 est
1289 3532 1425 3596 locorum.

295 3639 340 3703 ita
363 3639 458 3704 etium
478 3644 668 3704 naturarum.
691 3638 827 3704 Proinde
842 3638 873 3703 di
889 3641 963 3703 sunt
976 3637 1157 3702 hominibus
1172 3636 1426 3715 daemonibusque

385 3847 498 3900 som

332 3961 1424 4075 ssmmmmmmmfflmmmmmdeMMMm

296 4094 618 4148 mmmamme
692 4091 891 4146 Hammo
964 4091 1181 4162 mmmml
1254 4087 1425 4148 ssmffis

298 4183 539 4238 mmmmm
592 4180 1027 4236 Nfflmmmcfflffld
1079 4181 1264 4252 ffimmw
1317 4175 1424 4235 mma

300 4283 876 4376 Qfflfflwfflmffim
