3072 4928
244 411 284 474 76
586 409 612 464 S.
641 410 799 466 Aurelii
826 409 1046 480 Augustini

241 609 547 693 Romanorumque
572 608 666 674 modo
691 625 808 690 quaeso
833 606 957 672 colendi
980 605 1085 689 putati
1108 609 1192 684 sunt,
1213 624 1275 687 quo
1294 605 1391 670 modo

241 737 302 782 non
331 717 509 784 detestandi
537 716 668 798 spiritus
692 715 856 788 intellecti,
881 713 936 796 qui
960 712 1132 797 cupiditate
1156 712 1286 778 fallendi
1308 712 1394 776 inter

242 843 317 889 suos
355 823 490 890 honores
529 841 587 888 sua
620 821 770 886 celebrari
802 821 934 886 crimina
965 823 1198 904 poposcerunt?
1244 820 1393 901 Itemque

241 930 385 1008 Romani,
405 929 551 1014 quamuis
574 929 638 994 iam
661 927 887 1010 superstitione
906 928 997 993 noxia
1014 931 1240 1010 premerentur,
1259 929 1297 991 ut
1314 927 1392 990 illos

242 1037 317 1104 deos
346 1037 494 1116 colerent,
518 1055 598 1120 quos
627 1035 777 1101 uidebant
806 1034 867 1100 sibi
894 1035 1037 1100 uoluisse
1067 1035 1227 1100 scaenicus
1254 1033 1393 1117 turpitu-
1426 1053 1444 1093 s

242 1144 329 1211 dines
359 1143 543 1219 consecrari,
572 1161 649 1208 suae
676 1146 782 1208 tamen
812 1142 975 1227 dignitatis
1003 1160 1159 1208 memores
1191 1160 1227 1206 ae
1258 1141 1393 1224 pudoris

241 1254 363 1317 actores
387 1251 501 1316 talium
519 1250 697 1316 fabularum
718 1268 918 1332 nequaquam
937 1249 1172 1314 bonorauerunt
1189 1267 1275 1314 more
1296 1247 1392 1314 Grae·

241 1377 360 1434 corum,
386 1356 452 1436 sed,
477 1356 562 1422 sicut
584 1359 662 1439 aput
685 1356 869 1422 Ciceronem
892 1356 978 1420 idem
1002 1355 1107 1437 Scipio
1130 1355 1281 1436 loquitur,
1304 1357 1390 1420 ‘cum

242 1467 340 1529 artem
368 1463 523 1530 ludicram
552 1481 761 1545 scaenamque
785 1466 886 1528 totam
909 1463 940 1526 in
964 1463 1077 1544 probro
1103 1460 1265 1540 ducerent,
1289 1481 1391 1546 genus

240 1569 273 1633 id
301 1569 465 1634 hominum
488 1589 549 1634 non
573 1569 667 1636 modo
692 1570 808 1636 honore
833 1569 953 1634 ciuium
976 1569 1169 1650 reliquorum
1194 1587 1308 1646 carere,
1333 1568 1391 1633 sed
1411 1585 1443 1626 ro

240 1673 335 1740 etiam
363 1675 447 1740 tribu
475 1675 596 1740 moueri
624 1675 786 1739 notatione
814 1674 957 1739 censoria
991 1673 1184 1738 uoluerunt)
1223 1673 1391 1738 Praeclara

240 1800 313 1845 sane
338 1783 370 1845 ct
387 1780 537 1847 Romanis
560 1780 710 1846 laudibus
734 1781 969 1846 adnumeranda
990 1779 1171 1862 prudentior
1196 1780 1251 1846 sed
1269 1781 1389 1846 uellem

240 1907 274 1952 sc
301 1887 371 1969 ipsa
399 1891 592 1970 sequeretur,
618 1907 652 1952 se
679 1887 867 1952 imitaretur.
908 1888 990 1952 Ecce
1015 1887 1097 1951 enim
1122 1891 1217 1964 recte,
1243 1887 1388 1969 quisquis

240 1993 358 2058 ciuium
387 1994 601 2058 Romanorum
635 2013 704 2058 esse
737 1994 901 2059 scaenicus
935 1993 1097 2078 elegisset,
1126 2013 1187 2059 nou
1220 1994 1325 2058 solum
1358 1993 1389 2058 ei

239 2099 347 2164 nullus
376 2100 415 2164 ad
442 2101 592 2166 honorem
616 2099 750 2164 dabatur
771 2101 874 2177 loeus,
898 2119 1009 2165 uerum
1033 2101 1126 2164 etiam
1153 2100 1291 2166 censoris
1313 2103 1391 2164 nota
1412 2119 1441 2158 rs

239 2207 357 2271 tribum
381 2211 488 2271 tencre
511 2205 670 2290 propriam
693 2205 822 2271 minime
842 2207 1012 2272 sinebatur.
1039 2205 1064 2271 Ο
1086 2207 1225 2272 animum
1246 2207 1389 2272 ciuitatis

239 2312 342 2377 laudis
367 2313 496 2378 auidum
520 2333 730 2397 germaneque
749 2313 941 2379 Romanum!
967 2313 1029 2379 Sed
1047 2313 1275 2396 respondeatur
1292 2314 1388 2378 mihi:

240 2438 302 2502 qua
334 2423 543 2484 consentanee
574 2420 695 2485 ratione
728 2421 872 2486 homines
907 2421 1043 2486 scaenici
1075 2421 1113 2485 ab
1148 2422 1233 2486 omni
1269 2421 1388 2486 honore

240 2525 413 2609 pelluntur,
447 2531 479 2590 et
510 2525 578 2590 ludi
612 2527 749 2592 scaenici
782 2526 913 2592 deorum
945 2527 1118 2593 honoribus
1152 2528 1388 2593 admiscentur?

239 2633 314 2697 Illas
342 2633 512 2698 theatricas
541 2636 624 2698 artes
654 2632 708 2697 diu
736 2635 839 2698 uirtus
868 2635 1009 2699 Romane
1040 2654 1101 2699 non
1134 2638 1276 2714 nouerat,
1306 2653 1440 2717 quaem
1529 2637 1530 2725 l

240 2739 267 2804 si
296 2740 334 2805 ad
363 2739 631 2806 oblectamentum
659 2741 836 2824 uoluptatis
865 2741 1021 2807 humanae
1048 2744 1281 2822 quaererentur,
1305 2741 1385 2806 uitio

240 2865 364 2911 morum
388 2845 566 2929 inreperent
584 2846 805 2912 humanorum.
830 2847 871 2912 Di
896 2867 947 2912 eas
975 2847 1035 2912 sibi
1055 2847 1193 2912 exhiberi
1211 2847 1384 2930 petierunt:

240 2969 301 3034 quo
329 2951 424 3017 modo
454 2970 529 3036 ergo
558 2952 694 3017 abicitur
721 2953 896 3030 scaenicae,
924 2973 981 3036 per
1009 2972 1101 3036 quem
1135 2953 1250 3018 colitur
1276 2951 1387 3016 Deus?

241 3060 272 3122 et
299 3057 472 3124 theatricae
500 3057 587 3123 illius
616 3059 824 3142 turpitudinis
854 3079 915 3142 qua
943 3059 1044 3124 fronte
1073 3063 1201 3124 notatur
1232 3062 1328 3138 actor,
1357 3058 1385 3122 si

239 3163 387 3228 adoratur·
410 3169 554 3230 exactor?
578 3166 614 3229 ln
637 3165 695 3230 hac
720 3167 936 3232 controuersia
960 3165 1072 3232 Graeci
1094 3165 1291 3249 Romanique
1315 3183 1385 3230 con·
1407 3190 1437 3229 os
1527 3247 1528 3250 Ἴ

240 3273 369 3335 certent.
413 3269 525 3336 Graeci
552 3276 666 3354 putant
693 3276 778 3338 recte
808 3293 841 3338 se
869 3272 1020 3338 honorare
1043 3273 1187 3338 homines
1212 3272 1384 3350 scaenicos
1527 3251 1528 3288 ³

240 3375 314 3460 quia
328 3377 436 3443 colunt
449 3377 597 3443 ludorum
613 3379 828 3445 scaenicorum
843 3379 1037 3464 flagitatores
1052 3379 1143 3458 deos3
1162 3379 1296 3446 Romani
1310 3398 1384 3443 uero

327 3619 343 3674 8
362 3621 428 3690 Rep.
448 3622 473 3685 4,
495 3620 528 3675 10

273 3761 361 3815 diurn
382 3777 433 3817 om.
453 3761 488 3813 A¹
561 3779 661 3834 praem.
681 3763 779 3818 Lac
832 3765 1024 3818 lanctoresc
1072 3764 1237 3818 dinosco
1287 3764 1383 3818 10110·

237 3865 329 3904 norem
351 3850 384 3904 0²
441 3853 470 3905 ll
493 3851 872 3924 trilbulq'leq‘tllllffllmoueri,
892 3854 979 3907 erasis
995 3854 1087 3907 necaro
1105 3854 1204 3922 quibus
1224 3853 1330 3916 litteras,
1344 3852 1384 3917 L,·

237 3937 491 4004 tribuqmonerih
584 3943 617 3996 14
636 3942 734 3996 cibiunr
755 3941 782 3994 L
874 3943 906 3995 17
926 3941 1036 3996 abidum
1055 3941 1114 3996 La
1212 3941 1259 3996 sed
1278 3959 1329 3997 om.
1351 3941 1383 3995 0¹

239 4027 271 4080 19
291 4028 430 4132 pelluntur
447 4029 473 4082 L
485 4029 509 4080 Λ
521 4030 660 4099 abdep;
678 4031 848 4100 repelluntur
868 4031 914 4084 Cu
932 4031 1030 4085 Domb.
1102 4032 1136 4084 ‘22
1155 4031 1248 4104 ”milli
1258 4033 1338 4102 lsrurn
1358 4029 1385 4084 L

237 4144 382 4212 petierunt,
401 4144 418 4198 b
438 4163 472 4201 or.
491 4149 514 4208 1,
534 4145 560 4199 L
615 4147 782 4200 adnotatur
802 4145 835 4199 0¹
908 4151 1052 4201 urtorom.
1074 4147 1107 4201 0¹
1173 4147 1385 4202 anacreontem

237 4231 473 4301 L.l0dcpatf;
491 4238 649 4289 concertant
669 4236 752 4303 atqu
806 4235 840 4289 27
861 4237 925 4306 quia
943 4235 1013 4288 Lo*
1028 4235 1114 4305 Opta·
1134 4253 1193 4291 cum
1212 4234 1386 4304 h²ubeqkf

237 4321 471 4390 colantbeqtf
