3136 4934
280 427 345 491 426
628 424 654 478 S.
683 422 840 477 Aurelii
867 420 1082 490 Augustini

281 619 420 702 acceptis
445 639 480 684 ax
504 622 636 701 utraque
660 621 749 700 parte
777 617 914 702 singulis
938 617 1171 681 mediabuntur.
1218 614 1265 679 Ao
1289 634 1346 698 per
1367 613 1423 677 boo

282 725 412 808 quiade
436 725 552 790 infimis
572 725 688 789 habere
706 743 767 788 non
790 727 927 805 possunt-
946 722 1176 798 aeternitatem,
1202 740 1282 803 quae
1302 719 1349 784 ibi
1366 739 1423 784 nou

282 837 341 914 est,
375 853 473 898 unum
497 833 557 898 boo
586 830 623 896 de
647 831 781 896 summis
806 831 936 906 habent3
975 833 1008 893 et
1034 829 1104 894 ideo
1133 847 1194 894 non
1220 831 1271 893 ost
1294 827 1424 892 alterum

282 941 321 1005 ad
353 941 559 1024 ooupleudam
592 939 793 1004 medietatem
823 957 924 1014 suam,
958 937 1043 1019 quod
1070 936 1107 1000 de
1135 935 1252 1000 infimis
1280 933 1424 1008 habeant,

281 1048 342 1112 nisi
366 1047 536 1112 miseriam.
1455 1061 1467 1098 s

327 1155 387 1218 Est
421 1153 530 1234 itaque
567 1150 741 1216 seeundum
774 1150 955 1216 Platonicos
993 1148 1181 1214 sublimium
1214 1149 1347 1212 deorum
1377 1144 1427 1210 uel

282 1261 376 1326 beata
399 1259 569 1324 aeternitas
591 1261 645 1324 uel
670 1261 795 1324 aeterua
819 1257 997 1332 beatitudo;
1022 1257 1187 1322 homiuum
1210 1274 1286 1320 uero
1310 1253 1427 1319 infimo·

283 1386 353 1432 rum
378 1368 431 1431 uel
454 1366 582 1430 miseria
611 1366 753 1430 mortalis
783 1366 835 1429 uel
866 1365 1044 1430 mortalitas
1076 1363 1206 1437 miserm
1241 1361 1426 1425 daemonum

284 1476 391 1537 autem
414 1471 591 1538 mediorum
619 1472 672 1536 uel
700 1472 818 1536 misera
845 1472 1015 1535 aeternitas
1047 1470 1101 1534 uel
1134 1471 1261 1532 aeterna
1292 1464 1426 1530 miseria.

284 1579 365 1644 Nam
390 1582 423 1643 et
445 1579 584 1661 quinque
606 1578 683 1656 illis,
709 1578 844 1659 quaein
874 1577 1055 1657 definitione
1089 1576 1278 1639 daemonum
1310 1573 1467 1654 poenitio

284 1705 345 1750 non
366 1704 420 1750 eos
440 1685 572 1762 medios,
593 1684 678 1750 siout
695 1683 911 1767 promittebat,
933 1683 1094 1760 ostenditp
1107 1682 1253 1764 quoniam
1274 1679 1336 1744 tria
1356 1677 1427 1743 dixit

285 1811 339 1856 eos
371 1792 486 1856 babere
519 1791 696 1868 nobiscum,
731 1791 814 1874 quod
848 1809 960 1874 genere
1002 1788 1160 1866 animata,
1200 1787 1284 1870 quod
1327 1789 1427 1850 ruente

285 1899 461 1978 rationalia,
486 1897 570 1981 quod
594 1899 697 1962 animo
720 1898 852 1981 passiua
879 1899 966 1972 sunt3
1005 1915 1078 1960 oum
1109 1895 1157 1958 dis
1191 1896 1296 1958 autem
1322 1911 1427 1969 nuum,

287 2005 369 2086 quod
393 2009 534 2086 tempore
559 2008 697 2079 aeterna3
723 2007 755 2068 et
774 2023 872 2067 uuum
891 2001 1064 2085 proprium,
1085 2001 1168 2082 quod
1189 2019 1319 2081 corpore
1340 1998 1426 2063 aeria.

287 2108 474 2189 Quomodo
500 2127 573 2192 ergo
601 2108 708 2185 medii,
738 2108 863 2190 quaudo
896 2127 993 2171 unum
1027 2107 1145 2170 babent
1178 2125 1250 2169 enm
1284 2103 1426 2178 summis,
1446 2128 1466 2168 n

285 2215 441 2280 triacum
466 2215 604 2280 infimis?
629 2214 708 2294 Quis
732 2235 792 2279 uon
818 2213 925 2278 uideat
947 2213 1057 2278 relicta
1081 2213 1251 2277 medietate
1276 2213 1426 2293 quantum

287 2321 478 2386 inclinentur
500 2324 533 2385 et
556 2321 771 2404 deprimantur
801 2321 838 2385 ad
868 2321 997 2386 infima?
1039 2319 1101 2385 Sed
1133 2321 1225 2401 plane
1258 2318 1356 2381 etiam
1387 2315 1428 2379 ibi

287 2429 384 2493 medii
407 2433 542 2512 possunt
565 2429 611 2492 iia
634 2429 780 2506 inueniri,
804 2431 840 2492 ut
865 2447 962 2492 unum
987 2426 1125 2491 habeant
1148 2427 1323 2510 proprium,
1349 2423 1428 2508 quod

290 2538 339 2600 est
369 2555 483 2619 eorpus
517 2537 647 2613 aerium,
681 2535 765 2600 siout
798 2539 830 2599 et
860 2534 909 2598 illi
942 2535 980 2610 de
1014 2533 1147 2597 summis
1181 2533 1283 2614 adque
1315 2531 1428 2596 infimis

289 2642 416 2726 singula
438 2642 573 2725 propria,
604 2642 636 2705 di
664 2661 777 2723 eorpus
812 2641 987 2705 aetherium
1017 2638 1226 2720 hominesque
1258 2642 1468 2709 terrennmrso

289 2747 351 2813 duo
375 2768 449 2813 uero
475 2748 655 2813 communia
678 2748 742 2812 sint
765 2747 922 2823 omnibus,
947 2746 1032 2830 quod
1056 2765 1169 2830 genere
1193 2748 1268 2809 sunt
1287 2743 1430 2808 animalia

289 2858 321 2918 et
342 2858 449 2919 mente
470 2855 646 2921 rationalia.
692 2855 773 2918 Nam
799 2855 922 2936 etipse
947 2873 1018 2918 oum
1044 2853 1081 2917 de
1110 2853 1159 2916 dis
1190 2855 1223 2916 et
1251 2851 1429 2916 bominibus

287 2960 484 3044 loqueretur:
509 2961 663 3036 ‘Habetis
686 2961 799 3042 iuquit,
824 2961 898 3024 bina
921 2959 1088 3036 animalia,
1114 2961 1147 3023 et
1168 2978 1228 3023 non
1253 2958 1357 3022 solent
1380 2955 1431 3020 isti

290 3068 365 3131 deos
389 3068 450 3131 uisi
475 3067 644 3133 rationales
667 3071 773 3130 mente
798 3066 972 3149 perhibere.
996 3065 1068 3130 Duo
1094 3067 1169 3130 sunt
1192 3063 1329 3142 residua,
1350 3062 1430 3147 quod

290 3177 365 3238 sunt
388 3173 491 3239 animo
516 3173 645 3258 passiua
669 3177 701 3238 et
724 3177 866 3256 tempore
886 3177 1026 3248 aeterua3
1047 3191 1181 3255 quorum
1201 3172 1318 3236 babent
1336 3189 1430 3236 unum
1446 3191 1468 3232 rs

292 3299 363 3344 oum
387 3279 515 3358 infimis
541 3299 613 3344 oum
644 3279 777 3343 summis
809 3280 954 3358 alterum,
987 3281 1025 3344 nt
1056 3278 1282 3362 proportionali
1314 3277 1431 3341 ratione

290 3387 404 3450 librata
426 3387 579 3451 medietas
603 3406 706 3470 neque
731 3387 920 3450 sustollatur
942 3387 972 3449 in
998 3405 1132 3464 summa,
1157 3385 1308 3468 usquein
1328 3383 1431 3448 infima

292 3492 494 3574 deprimatur.
523 3494 598 3576 lpsa
622 3499 671 3558 est
694 3497 800 3558 antem
825 3493 880 3558 illa
903 3494 1093 3557 daemonum
1121 3492 1238 3556 misera
1265 3489 1430 3555 aeternitas

291 3599 344 3661 uel
381 3604 506 3663 aeterna
538 3599 676 3664 miseria.
724 3597 786 3678 Qui
819 3600 901 3663 onim
935 3601 980 3663 ait
1009 3598 1123 3663 ‘auimo
1156 3593 1306 3681 passius,
1340 3595 1430 3658 etiam

292 3705 428 3769 ‘misera'
450 3706 590 3784 dixisset,
611 3706 672 3770 nisi
696 3725 802 3770 eorum
828 3704 1003 3770 cultoribus
1028 3705 1217 3769 erubuisset.
1242 3704 1338 3768 Porro
1362 3703 1431 3783 quia
1447 3724 1468 3763 ao

292 3813 491 3894 prouidentia
515 3812 633 3877 summi
657 3813 726 3891 Dei,
751 3813 837 3877 siout
861 3812 957 3876 etiam
975 3813 1039 3894 ipsi
1057 3811 1205 3890 fatentur,
1226 3830 1286 3875 non
1306 3809 1431 3874 fortuita

329 3979 443 4047 fiquia
497 3979 725 4042 3altersrtrnnre
774 3977 993 4034 51111111111111)Ι
1044 3978 1277 4032 'linfirmorume
1323 3977 1356 4030 13
1374 3992 1431 4045 pas·

291 4066 396 4120 sibaO
483 4068 576 4121 sintt¹
652 4070 685 4123 14
706 4069 887 4124 et....aeria
905 4085 955 4121 om.
979 4067 1012 4121 0¹
1101 4067 1234 4120 hnuuml
1307 4063 1431 4120 17111111-

293 4156 423 4208 nanturl
494 4157 539 4225 ad]
560 4158 588 4210 iu
608 4157 631 4223 1,·
650 4175 734 4212 onus
806 4157 844 4210 ibi
864 4157 980 4211 etiamn
1036 4157 1068 4211 19
1089 4155 1225 4210 aereuml
1280 4156 1312 4209 21
1333 4151 1429 4210 suntl¹

293 4244 496 4298 ’2211101110
584 4247 617 4299 27
636 4246 736 4300 liberta
754 4246 779 4300 e¹
861 4245 1150 4300 28111101111111111
1228 4245 1263 4299 30
1283 4243 1431 4298 cultoreso

293 4335 325 4386 31
348 4331 390 4385 dei
410 4335 552 4386 summio
