3136 4928
626 388 652 443 S.
681 387 839 443 Aurelii
865 386 1084 457 Augustini

719 581 855 648 CAPUT
878 580 978 646 XXX.

272 725 420 806 Quanta
442 723 633 789 Platonici
657 723 845 808 dogmatis
869 723 1102 807 Porphyrius
1125 726 1359 791 refutauerit
1388 731 1427 792 et

597 829 859 894 dissentiendo
885 831 1099 898 correxerit.

316 971 351 1038 Si
382 975 457 1056 post
482 972 649 1037 Platonem
677 970 797 1054 aliquid
824 971 989 1037 emendare
1018 972 1216 1039 existimatur
1243 974 1425 1057 indignum,

271 1101 352 1165 quur
370 1081 438 1163 ipse
457 1077 651 1161 Porphyrius
675 1077 824 1142 nonnulla
847 1080 880 1142 et
902 1097 963 1142 uon
987 1097 1085 1162 parua
1109 1079 1312 1144 emendauit?
1336 1077 1426 1144 Nam
1460 1107 1475 1146 s

269 1189 435 1253 Platonem
468 1185 589 1250 animas
621 1184 787 1250 hominum
819 1189 894 1268 post
925 1189 1059 1250 mortem
1092 1186 1213 1251 reuolui
1246 1206 1350 1270 usque
1384 1189 1427 1252 ad

271 1314 401 1378 corpora
422 1293 595 1358 bestiarum
620 1292 786 1375 scripsisse
807 1292 1020 1357 certissimum
1040 1297 1099 1358 est.
1122 1293 1211 1358 Hanc
1231 1294 1426 1360 sententiam

270 1400 437 1485 Porphyrii
469 1399 579 1465 doctor
610 1398 714 1464 tenuit
747 1401 778 1463 et
809 1398 970 1476 Plotinum
1003 1398 1179 1484 Porphyrio
1212 1403 1319 1465 tamen
1353 1401 1426 1465 iure

272 1508 443 1590 displicuit.
480 1508 516 1571 In
548 1505 714 1571 hominum
748 1525 821 1570 sane
856 1525 916 1570 uon
945 1525 1004 1570 sua
1031 1526 1111 1589 quae
1140 1505 1335 1585 dimiserant,
1366 1507 1426 1572 sed

272 1615 333 1680 alia
346 1633 429 1680 noua
448 1633 577 1697 corpora
595 1612 697 1678 redire
716 1613 869 1678 humanas
889 1613 1010 1678 animas
1030 1613 1199 1679 arbitratus
1220 1617 1278 1680 est.
1299 1614 1428 1680 Puduit
1445 1643 1476 1683 ro

272 1719 396 1786 scilieet
418 1720 499 1785 illud
523 1718 659 1797 eredere,
680 1739 718 1783 no
742 1722 843 1783 mater
866 1719 1000 1786 fortasse
1018 1719 1119 1784 filium
1139 1721 1170 1785 in
1193 1722 1311 1786 mulam
1330 1741 1427 1787 reuo-

270 1829 340 1893 luta
367 1829 522 1902 uectarot3
553 1829 584 1892 et
606 1845 665 1892 non
689 1826 805 1908 puduit
827 1825 888 1891 hoo
912 1827 1048 1906 credere,
1072 1827 1126 1891 uhi
1150 1828 1296 1892 reuoluta
1319 1833 1429 1893 mater

270 1934 303 1998 iu
331 1935 472 2018 puellam
499 1933 564 1999 filio
592 1933 723 1998 forsitan
751 1932 891 2000 nuberet.
930 1931 1054 2014 Quanto
1082 1933 1221 2000 creditur
1242 1934 1428 2012 honestius,

272 2042 357 2125 quod
386 2041 487 2106 sancti
515 2044 547 2106 et
568 2059 697 2104 ueraoes
722 2039 825 2124 angeli
849 2040 1034 2120 docuerunt,
1058 2041 1142 2126 quod
1164 2041 1338 2124 prophetae
1362 2041 1428 2106 Dei
1564 2121 1565 2130 ἵ

272 2149 386 2232 spiritu
411 2149 474 2212 acti
495 2147 595 2212 locuti
620 2149 704 2224 sunt,
725 2146 810 2230 quod
828 2147 898 2230 ipsa
918 2166 1011 2229 quern
1030 2151 1201 2212 uenturum
1221 2147 1427 2213 Salustorem
1447 2173 1475 2214 rs

271 2254 438 2340 praemissi
466 2253 567 2318 nuntii
593 2253 824 2337 praedixemnt,
849 2253 933 2336 quod
957 2253 1049 2317 missi
1071 2253 1209 2332 apostoli
1232 2253 1287 2336 qui
1312 2255 1427 2318 orbern

271 2367 426 2427 terrarum
449 2360 614 2444 euangelio
638 2360 913 2442 repleue1·unt,-
936 2362 1065 2442 quanto,
1089 2360 1230 2442 iuquam,
1253 2360 1428 2425 honestius

273 2469 411 2534 creditur
434 2467 551 2532 reuerti
575 2466 695 2530 animas
719 2467 818 2530 semol
841 2467 880 2531 ad
899 2485 1028 2548 corpora
1045 2465 1172 2548 propria
1189 2485 1285 2548 quam
1303 2469 1429 2532 reuerti

272 2576 389 2641 totiens
422 2573 461 2638 ad
494 2573 633 2637 diuersa!
668 2573 785 2638 Verum
814 2575 930 2650 tamen,
959 2575 996 2638 ut
1023 2569 1097 2652 dixi,
1125 2591 1162 2636 ex
1189 2591 1305 2655 magna
1331 2577 1429 2656 parte

272 2683 432 2748 correctus
461 2684 510 2744 est
536 2679 568 2744 in
595 2679 654 2744 hac
680 2679 825 2763 opinione
847 2678 1054 2761 Porphyrius,
1078 2682 1116 2744 ut
1139 2679 1253 2744 saltem
1277 2679 1309 2743 in
1334 2681 1429 2746 solos
1449 2708 1477 2749 so

271 2788 415 2854 hominos
441 2787 596 2851 humanas
624 2785 744 2850 animas
768 2787 969 2869 praecipitari
990 2805 1085 2870 posse
1109 2786 1250 2864 sentiret,
1273 2786 1431 2853 beluinos

273 2899 379 2959 autem
404 2911 543 2960 carceres
567 2895 707 2958 euertere
731 2892 859 2958 minime
884 2892 1051 2957 dubitaret.
1075 2893 1164 2957 Dicit
1186 2893 1282 2958 etiam
1302 2893 1343 2957 ad
1363 2893 1430 2958 hoc

272 3002 376 3067 Deum
405 3000 541 3065 animam
569 2999 687 3064 mondo
718 2999 915 3079 dedissent
942 2999 1092 3064 materiae
1121 3017 1314 3083 cognoscens
1339 3001 1431 3066 mala

274 3109 312 3174 ad
335 3109 461 3174 Patrem
489 3109 662 3171 recurreret
689 3125 746 3170 nee
774 3105 942 3188 aliquando
970 3105 1032 3169 iam
1061 3105 1174 3170 talium
1201 3105 1326 3190 polluta
1351 3127 1431 3174 con-

272 3217 399 3300 tagione
422 3217 592 3280 teneretur.
617 3213 679 3277 Ubi
703 3213 764 3277 etsi
788 3210 907 3294 aliquid
926 3211 1182 3277 inconuenienter
1200 3213 1286 3296 sapit
1302 3211 1431 3298 (magis
1449 3238 1480 3282 rs
1564 3245 1565 3254 Ι

274 3323 357 3386 enirn
373 3321 445 3384 data
464 3323 514 3384 est
532 3317 664 3402 corpori,
680 3321 717 3382 ut
735 3319 818 3382 bona
835 3315 966 3394 faceret;
987 3337 1047 3382 non
1068 3319 1151 3383 enim
1169 3320 1253 3383 mala
1272 3319 1431 3402 disceret,

274 3428 301 3492 si
325 3445 385 3491 non
409 3423 550 3512 faceret),
572 3425 604 3488 in
630 3445 665 3490 eo
690 3429 794 3489 tamen
824 3425 956 3489 aliorum
979 3424 1213 3490 Platonicorum
1240 3425 1432 3507 opinionem

274 3537 306 3600 et
334 3552 394 3598 non
423 3532 454 3596 in
481 3551 514 3597 re
541 3549 641 3617 parua
668 3531 857 3611 emendarit,
882 3530 967 3614 quod
993 3533 1178 3597 mundatam
1206 3531 1244 3596 ab
1275 3534 1432 3600 omuibus

363 3785 379 3840 8
398 3783 467 3838 Eun.
486 3783 538 3847 ΙΙΙ,
557 3784 583 3848 4,
603 3785 619 3836 2

310 3943 459 3998 3correxit
479 3942 528 4010 Op
600 3941 768 3996 huonuulla
786 3957 836 3999 om.
858 3958 876 3995 a
945 3942 1161 3998 luestiorums
1221 3941 1433 4014 8porphirius‚

274 4037 423 4099 usm.2‚c
477 4030 606 4085 ductore
661 4033 694 4084 16
712 4032 800 4101 missi]
816 4032 937 4086 hostria
993 4032 1026 4086 18
1045 4033 1149 4086 animas
1167 4033 1434 4104 camelarium,-

273 4120 357 4174 semel
376 4119 630 4174 animasoDomh.
688 4121 720 4172 19
740 4123 771 4173 ut
789 4137 874 4175 onae
946 4119 1107 4184 dixittm.
1127 4124 1188 4188 2,e
1260 4121 1295 4176 20
1315 4138 1433 4195 correp·

274 4213 351 4262 tusa
421 4209 450 4261 in
469 4209 520 4262 hac
539 4208 612 4278 opin.
632 4211 766 4262 correctus
786 4212 860 4264 estu
924 4210 958 4266 22
976 4209 1065 4263 Deum
1084 4208 1119 4263 ad
1137 4209 1218 4265 hoca
1281 4209 1317 4264 23
1337 4219 1435 4268 mute-

274 4297 329 4350 risa
349 4297 496 4366 corporalis
515 4295 628 4350 Domt.¹
