3164 4932
288 435 353 496 590
626 430 653 482 S.
679 428 840 481 ¹aurelii
868 427 1092 496 Augustini

287 645 347 689 non
367 629 511 708 possunt,
527 643 598 706 qua,
614 643 685 686 cum
704 625 773 706 ipsc
793 623 835 686 sit
854 626 999 686 aeternus
1020 625 1051 686 et
1071 623 1137 685 sine
1157 621 1258 699 initio,
1273 621 1312 684 ab
1329 621 1437 702 aliquo

287 735 392 796 tamen
416 731 506 796 initio
531 749 659 794 exorsus
680 733 729 794 est
746 733 889 810 tempora
909 733 941 793 et
959 729 1128 804 bominem,
1149 747 1240 811 quem
1263 747 1437 810 numquam

287 841 381 902 antea
403 839 530 912 fecerat,
554 837 631 901 fecit
653 837 683 900 in
708 839 859 918 tempore,
884 855 944 899 non
969 841 1073 899 tamen
1098 853 1181 898 nouo
1206 840 1238 899 et
1261 836 1438 917 repentino,

287 945 345 1008 sed
359 945 539 1008 inmutabili
555 952 742 1026 aeternoque
758 944 900 1008 consilio.
921 943 999 1022 Quis
1018 943 1098 1007 hanc
1112 943 1218 1005 ualeat
1233 941 1436 1005 altitudinem

288 1051 543 1126 inuestiuabilem
564 1052 725 1134 uestigare
741 1057 771 1113 et
786 1050 1024 1114 inscrutabilem
1043 1049 1245 1132 persolutam,
1261 1049 1437 1112 secuudum
1472 1071 1484 1106 a

286 1176 381 1239 quam
408 1158 494 1220 Deus
523 1157 682 1220 hominem
713 1156 927 1238 temporalem,
953 1161 1023 1219 ante
1049 1175 1142 1237 quem
1167 1175 1258 1219 nemo
1282 1174 1436 1236 umquam

286 1264 449 1327 hominum
473 1264 545 1334 fuit,
569 1283 629 1326 non
654 1263 801 1326 mutabili
824 1264 987 1326 uoluntate
1011 1263 1207 1344 intempore
1235 1261 1378 1324 condidit
1406 1267 1439 1324 et

287 1389 387 1454 genus
407 1369 580 1433 humanum
596 1389 631 1433 cr
645 1388 707 1433 uuo
723 1368 973 1451 multiplioauit?
993 1369 1124 1448 Quando
1144 1367 1272 1450 quidem
1292 1369 1438 1450 psalmus

286 1476 355 1556 ipse
378 1493 447 1538 cum
473 1475 692 1556 praemisisset
715 1474 817 1557 adque
841 1474 986 1539 dixisset:
1012 1475 1076 1549 Tu,
1101 1475 1279 1548 Domine,
1305 1493 1439 1538 serua-

287 1582 350 1645 bis
384 1601 453 1645 nos
484 1585 521 1645 et
550 1582 764 1646 custodies
793 1601 863 1646 nos
893 1602 909 1645 a
939 1582 1202 1666 generatione
1230 1581 1302 1645 bac
1331 1585 1371 1644 et
1399 1581 1438 1644 iu
1459 1605 1487 1642 io

286 1696 505 1766 aeternum,
539 1707 575 1752 ac
609 1689 718 1752 deinde
746 1689 992 1771 repercussisset
1019 1707 1084 1763 eos,
1112 1688 1142 1752 in
1173 1706 1307 1770 qnorum
1337 1688 1438 1751 stulta

287 1795 435 1876 inpiaque
474 1795 615 1859 doctriua
650 1796 738 1860 nulla
769 1796 965 1860 liberationis
1002 1799 1035 1859 et
1070 1795 1276 1858 beatitudinis
1315 1795 1439 1858 animae

287 1905 433 1966 seruatur
461 1903 641 1978 aeternitas,
671 1902 819 1966 continuo
849 1902 1024 1966 subiciens:
1053 1902 1094 1965 lu
1124 1902 1304 1965 circuitu
1333 1900 1439 1982 inpii

287 2009 571 2071 ambulabunt:
600 2015 762 2090 tamquam
792 2009 818 2072 ei
849 2009 1019 2072 diceretur:
1044 2006 1137 2086 ‘Quid
1162 2026 1235 2090 ergo
1259 2011 1296 2070 tu
1321 2007 1438 2073 credis.

287 2115 398 2190 sentis,
426 2114 607 2198 intellegis?
637 2115 862 2196 numquidnam
894 2113 1136 2178 existimandum
1165 2117 1214 2177 est
1237 2113 1344 2178 subito
1369 2111 1440 2178 Deo
1461 2141 1487 2178 rs

287 2222 446 2304 placuisse
468 2220 628 2284 hominem
652 2222 766 2296 facere,
786 2239 880 2302 quem
903 2239 1074 2302 numquam
1099 2222 1191 2283 antea
1213 2219 1337 2284 infinita
1354 2223 1440 2283 retro

287 2327 472 2391 aeternitate
509 2327 648 2403 fecisset,
682 2327 733 2391 cui
766 2327 844 2390 nibil
876 2327 952 2391 noui
985 2327 1126 2390 accidere
1158 2329 1274 2409 potest,
1307 2326 1340 2389 in
1375 2345 1439 2407 quo

285 2433 441 2497 mutabile
465 2433 584 2514 aliquid
606 2452 667 2496 nou
692 2435 772 2498 estt'
795 2435 944 2497 continuo
968 2433 1131 2517 respondit
1149 2433 1188 2496 ad
1206 2434 1312 2515 ipsum
1332 2433 1439 2498 Deum

286 2541 434 2622 loquens:
461 2538 688 2604 Secundum
713 2540 978 2604 altitudinem
1002 2544 1110 2603 tuam
1134 2539 1438 2621 multiplicasti

286 2645 402 2710 filios
427 2646 640 2711 hominum.
666 2645 819 2722 Sentiant,
844 2646 957 2727 inquit,
982 2647 1127 2710 homines
1151 2646 1235 2729 quod
1258 2651 1384 2728 putant,
1407 2651 1439 2710 et
1459 2675 1485 2712 eo

286 2751 371 2832 quod
396 2751 441 2814 eis
467 2751 569 2832 placet
594 2752 758 2833 opinentur
782 2755 814 2815 et
838 2751 1015 2833 disputent:
1045 2751 1270 2816 Secundum
1295 2753 1437 2816 altitu-

288 2857 418 2921 dinem
451 2861 570 2932 tuam,
600 2877 692 2938 quam
721 2858 828 2920 nullus
856 2859 964 2940 potest
986 2878 1078 2922 nosse
1103 2859 1277 2936 hominnm,
1303 2860 1438 2923 multi-

286 2965 460 3047 plicasti
497 2964 613 3028 filios
652 2965 865 3028 bominum.
904 2964 1003 3028 Valde
1038 2966 1153 3048 qnippe
1187 2967 1288 3029 altum
1322 2970 1371 3029 est
1406 2971 1436 3029 et

287 3090 411 3152 semper
434 3072 543 3147 fuisse,
565 3073 596 3134 et
619 3071 790 3147 hominem,
815 3091 906 3152 quem
933 3092 1106 3153 numquam
1126 3071 1252 3144 fecerat,
1272 3092 1309 3136 eu
1328 3072 1434 3155 aliquo

285 3180 426 3258 tempore
451 3178 588 3259 primum
612 3178 713 3242 facere
732 3179 886 3254 uoluisse,
906 3198 964 3242 uec
985 3178 1149 3242 consilium
1171 3180 1433 3260 uoluntatemque
1453 3207 1483 3246 as

284 3289 436 3348 mutasse.

324 3475 336 3526 l
358 3491 411 3542 qua
426 3473 539 3542 alp¹l,·
559 3492 638 3543 quam
658 3476 721 3542 ise,-
740 3477 803 3546 quia
822 3475 898 3542 cp²o
912 3476 1011 3530 Domb.
1084 3476 1136 3546 ipsi
1157 3481 1316 3530 coaeternus
1335 3478 1430 3531 omisso

285 3564 324 3616 sit
348 3563 374 3613 V
443 3566 471 3616 et
490 3564 547 3616 sine
567 3565 659 3634 initio]
682 3567 799 3618 omnium
820 3565 927 3618 initium
943 3581 980 3632 p;
999 3582 1076 3618 omne
1096 3565 1174 3618 initio
1194 3570 1205 3618 t
1271 3567 1288 3619 3
1309 3569 1371 3620 ante
1385 3582 1432 3634 pr

285 3651 399 3722 fecorat]
421 3651 554 3704 didicerat
570 3669 598 3720 p,
617 3653 649 3705 in
669 3654 771 3706 lucaico
792 3652 814 3706 t²
868 3657 884 3708 5
904 3654 1003 3722 uestig.
1025 3658 1053 3706 et
1070 3653 1181 3707 inserat.
1197 3669 1247 3708 ooo.
1263 3657 1287 3708 e¹
1336 3671 1431 3760 taem·

286 3768 398 3820 tabilem
418 3769 651 3835 perscrutaminit
706 3769 924 3838 tantoquamc¹
982 3769 1138 3838 ‘itempore
1157 3771 1237 3822 istot
1291 3771 1392 3840 9que
1410 3769 1435 3820 l'

289 3857 319 3908 ll
342 3855 504 3923 percussitl
595 3858 708 3910 stultam
726 3858 854 3925 piaquet
941 3860 974 3910 14
994 3859 1029 3926 ei]
1050 3863 1108 3911 att
1197 3863 1227 3911 tu
1248 3875 1312 3927 ergo
1332 3859 1396 3926 quid
1415 3879 1431 3908 α

288 3944 320 3998 16
341 3947 404 3996 ante
424 3944 458 3996 V¹
513 3946 546 3998 23
567 3949 595 3998 et
614 3963 720 4014 semper
738 3944 822 3998 fuisse
842 3945 934 4000 Vbez
951 3946 1064 4012 Donabo
1084 3949 1112 4000 et
1126 3963 1232 4016 semper
1246 3948 1333 4000 Deum
1349 3947 1431 4000 luisse

285 4048 315 4096 e,·
343 4033 457 4085 scrutari
481 4037 509 4086 ct
532 4050 586 4086 non
610 4051 715 4104 semper
738 4033 821 4086 luisse
842 4052 873 4100 a;
902 4035 1014 4088 consilio
1033 4035 1231 4104 perfecissem
1207 4035 1431 4088 nn2aeiuisse

855 4109 892 4140 wat

286 4147 404 4216 corr.;)t
424 4149 536 4202 consilio
552 4149 719 4218 perfecisse
734 4152 765 4202 ia
779 4167 863 4218 marp.
884 4155 912 4203 et
931 4151 1009 4203 (lenm
1028 4168 1133 4220 semper
1151 4151 1275 4220 sursscp
1331 4149 1430 4204 atho-

286 4251 386 4288 mrnem
406 4243 532 4305 atquem
553 4255 571 4290 a
644 4238 795 4306 exquol
856 4241 890 4292 23
910 4255 959 4292 nec
979 4257 1049 4294 cons
1070 4240 1195 4294 uolunta
1183 4245 1293 4309 emque
1313 4248 1432 4292 rnutasse

285 4341 337 4377 om.
359 4325 368 4376 l
423 4325 457 4378 26
478 4343 529 4393 quc
549 4331 668 4378 mutasse
688 4327 759 4378 deest
778 4328 807 4378 a‘rc
828 4328 961 4380 luctorini
