3072 4930
349 425 398 480 De
426 427 603 482 ciuitate
633 427 693 482 dei
721 427 787 486 lib.
815 428 847 483 V.
877 447 952 500 oap.
982 431 1023 484 12.
1196 433 1259 496 237

102 623 167 684 est
217 620 282 686 Sed
306 620 367 685 alie
389 621 477 686 fuere
502 640 582 704 quae
610 621 683 687 illos
712 641 845 707 magnos
874 623 1027 702 fecerunt,
1062 642 1142 705 quae
1169 623 1260 688 nobis

102 727 197 791 nulla
221 731 311 792 sunt:
337 726 421 793 dorni
444 727 612 805 industria,
637 727 713 793 foris
736 729 859 793 iustum
882 728 1061 811 imperium,
1086 729 1209 794 animus
1229 730 1261 794 in

103 833 305 899 consulendo
329 833 420 908 liber,
449 853 550 917 neque
575 833 690 900 delicto
715 853 816 916 neque
839 835 965 900 libidini
990 835 1152 902 obnoxius.
1199 836 1260 903 Pro

103 940 156 1004 his
177 959 239 1005 nos
259 940 413 1005 babemus
431 941 590 1006 luxuriam
609 941 712 1024 adque
731 941 907 1020 auaritiam,
927 941 1053 1026 publice
1074 946 1260 1026 egestatem,
1325 927 1328 936 Α

71 1045 262 1129 epriuatim
295 1048 503 1130 opulentiam
538 1047 706 1112 laudamus
731 1047 871 1126 diuitias,
906 1049 1068 1131 sequimur
1099 1049 1260 1124 inertiam

104 1154 192 1218 inter
215 1155 318 1220 bonos
342 1158 374 1218 et
401 1155 502 1220 melos
532 1153 700 1219 discrimen
732 1155 871 1230 nullum;
896 1155 1001 1220 omnia
1024 1155 1155 1220 uirtutis
1174 1175 1261 1239 prae-

104 1260 174 1323 mia
198 1260 332 1326 ambitio
356 1260 508 1344 possidet.
541 1261 653 1343 Neque
676 1261 807 1325 mirum:
843 1261 898 1324 nbi
920 1279 980 1326 uos
1005 1262 1175 1344 separatim
1200 1262 1262 1326 sibi

106 1367 249 1449 quisque
269 1367 437 1432 consilium
457 1367 580 1449 capitis,
603 1367 659 1431 ubi
679 1367 763 1432 domi
784 1367 1017 1450 uoluptatibus,
1037 1367 1088 1432 hic
1108 1369 1261 1451 pecuniae

105 1477 165 1537 aut
199 1473 321 1557 gratiae
354 1473 494 1553 seruilis,
527 1492 564 1538 eo
588 1473 625 1538 fit
657 1479 695 1538 ut
725 1473 865 1557 impetus
898 1474 954 1538 liat
981 1474 1013 1538 in
1036 1493 1171 1539 uacuam
1194 1493 1260 1539 rem

64 1603 87 1640 ro
104 1572 297 1660 publicam.'

154 1683 220 1764 Qui
246 1685 336 1749 audit
358 1686 435 1750 haec
460 1685 589 1752 Catonis
612 1687 710 1750 uerba
734 1686 802 1751 siue
827 1684 983 1764 Sallustii,
1015 1689 1118 1770 putat,
1152 1687 1261 1768 quales

108 1791 285 1856 laudantur
306 1792 442 1857 Romani
473 1797 608 1871 ueteres,
642 1811 751 1858 omnes
785 1811 838 1857 ecs
872 1795 953 1856 tales
980 1795 1058 1858 tunc
1084 1793 1185 1857 fuisse
1208 1794 1263 1857 uel

109 1899 231 1982 plures.
256 1897 327 1964 Non
350 1900 397 1964 ita
420 1903 482 1976 est;
507 1899 645 1982 alioquin
670 1919 747 1964 uera
769 1918 830 1963 non
854 1902 971 1974 essent,
996 1918 1077 1981 quae
1095 1899 1165 1982 ipso
1184 1899 1261 1962 item

109 2005 236 2081 scribit,
266 2024 303 2069 ea
326 2023 406 2086 quae
431 2005 676 2070 commemoraui
698 2005 730 2068 in
755 2003 893 2069 secundo
922 2004 1002 2069 libro
1027 2004 1122 2069 huius
1147 2004 1261 2086 operis,

1 2125 2 2172 r
67 2136 91 2174 15
109 2111 165 2176 ubi
189 2111 282 2186 dicit,
304 2111 434 2175 iniurias
458 2111 646 2175 ualidiorum
672 2114 705 2174 ot
726 2111 766 2176 ob
790 2129 843 2175 aas
867 2110 1094 2175 discessionem
1116 2109 1219 2192 plebis
1244 2129 1263 2174 a

111 2220 259 2305 patribus
288 2217 429 2300 aliasque
458 2217 671 2283 dissensiones
700 2217 787 2282 domi
814 2217 913 2282 fuisse
941 2217 1003 2280 iam
1033 2215 1104 2280 inde
1132 2239 1150 2281 a
1177 2217 1262 2299 prin·

111 2327 207 2412 cipio,
234 2343 336 2407 neque
361 2325 497 2407 amplius
521 2343 622 2407 aequo
648 2329 680 2388 et
702 2323 846 2390 modesto
870 2323 939 2388 iure
963 2327 1071 2388 actum
1095 2341 1188 2405 quarn
1214 2342 1262 2387 ex·

108 2436 214 2518 pulsis
238 2431 368 2516 regibus
392 2429 542 2513 quamdiu
565 2433 670 2495 metus
694 2449 712 2494 a
735 2429 903 2512 Tarquinio
923 2429 994 2506 fuit,
1019 2429 1117 2494 donec
1140 2428 1260 2492 bellum

110 2559 219 2626 greum
255 2537 341 2621 quod
371 2541 499 2620 propter
530 2536 636 2618 ipsum
671 2555 743 2600 oum
775 2535 901 2600 Etruria
933 2538 1118 2618 susceptum
1148 2536 1261 2612 fuerat,

66 2671 92 2710 ao
109 2647 268 2720 finiretur;
293 2648 405 2728 postea
427 2661 502 2708 uero
523 2642 632 2708 seruili
650 2643 784 2727 imperio
802 2646 908 2724 patres
929 2641 1105 2707 exercuisse
1124 2641 1260 2724 plebem,

109 2755 198 2839 regio
233 2771 318 2817 more
350 2750 545 2827 uerberasse,
578 2768 652 2833 agro
685 2747 847 2832 pepulisse
880 2751 912 2812 et
945 2747 1057 2814 ceteris
1081 2747 1261 2830 expertibus

111 2861 199 2926 solos
224 2859 330 2944 egisse
352 2857 383 2922 in
407 2855 553 2939 imperim
580 2873 713 2938 quarum
737 2855 976 2932 discordiarum,
1001 2853 1075 2918 dum
1095 2853 1143 2918 illi
1163 2853 1262 2918 domi-

111 2966 178 3031 nari
211 2965 341 3040 uellent,
374 2963 424 3028 illi
457 2963 574 3027 seruire
606 2961 736 3039 nollent,
770 2961 865 3026 finem
897 2961 998 3026 fuisse
1025 2959 1110 3025 bello
1140 2958 1260 3024 Punico

111 3071 263 3150 secundo,
287 3071 362 3154 quia
383 3089 493 3135 rursus
517 3069 623 3153 grauis
654 3072 759 3132 metus
793 3067 898 3152 coepit
925 3087 1060 3152 urguere
1094 3066 1196 3148 adque
1222 3065 1259 3130 ab

71 3197 95 3237 re
112 3179 179 3243 illis
203 3177 493 3261 perturbationibus
517 3176 580 3240 alia
602 3176 721 3240 maiore
741 3193 815 3240 cura
833 3173 980 3239 cohibere
1000 3173 1120 3239 animos
1140 3173 1262 3255 iuquie-

113 3289 164 3350 tos
198 3271 298 3349 et'ad
325 3283 524 3348 concordiam
557 3301 706 3347 reuocare
739 3281 876 3346 ciuilem.
924 3281 986 3346 Sed
1018 3300 1074 3364 per
1106 3277 1261 3362 quosdam

113 3410 244 3472 paucos,
270 3390 324 3473 qui
346 3408 402 3472 pro
423 3408 480 3454 suo
500 3387 593 3454 modo
612 3389 685 3453 boni
707 3390 803 3465 erant,
827 3405 942 3472 magna
961 3385 1262 3451 administrabantur

205 3610 239 3663 14
258 3625 281 3665 c.
301 3608 335 3662 18

152 3710 165 3788 1
194 3735 317 3788 iecerunt
342 3729 685 3800 LllOabdequfo3
715 3729 802 3784 fecere
831 3748 848 3781 α
876 3732 918 3794 (ut
946 3727 1024 3796 apud
1050 3726 1133 3794 Sall.)
1165 3726 1261 3780 Domb.

117 3824 227 3878 3liuid.
246 3823 274 3876 L
333 3841 338 3853 ·
363 3823 380 3877 6
406 3821 539 3874 uirtutem
558 3819 839 3890 praemia...mirum
857 3835 891 3872 m.
910 3823 963 3870 uel.
982 3817 1015 3870 in
1032 3833 1118 3886 mary.
1136 3815 1217 3883 inser.
1241 3814 1264 3867 0

1 3991 2 3998 ,
118 3949 206 4002 irini
223 3947 283 4002 LA
364 3908 518 4016 9impetus
537 3944 593 4010 fiat,
612 3945 644 3998 in
662 3959 748 4014 marp.
765 3917 946 4013 imperaturo
1032 3941 1062 3995 ll
1084 3938 1207 3994 carbonis
1229 3937 1261 3991 0¹

120 4039 152 4090 12
170 4037 273 4091 romani
292 4052 343 4090 one.
365 4035 396 4088 0¹
480 4037 586 4088 ueteres
606 4049 656 4088 om.
677 4049 695 4086 c
776 4035 842 4086 tuno
861 4031 929 4086 tales
951 4029 975 4084 0
1046 4030 1079 4084 13
1097 4030 1138 4082 ita
1156 4045 1207 4081 om.
1229 4027 1262 4080 0¹

1 4125 2 4150 ¹
120 4126 152 4180 14
171 4142 232 4195 eaq;
251 4123 310 4178 Ln
366 4124 399 4178 21
419 4139 520 4176 morem
543 4121 576 4176 0¹
647 4135 803 4174 ueruerasse
822 4118 881 4172 Ln
935 4119 969 4172 23
988 4116 1137 4171 bellentL
1203 4115 1261 4170 bel·

119 4239 173 4294 lnrn
191 4241 317 4311 punicum
337 4237 483 4292 secundum
504 4236 605 4292 b¹elro
659 4238 694 4290 24
712 4240 826 4304 urguere
845 4237 883 4299 Δ,·
901 4199 997 4303 ιιῐέεῐθ
1018 4232 1042 4286 0
1100 4233 1134 4286 26
1154 4231 1262 4286 cibilem

120 4329 177 4384 Ln
229 4331 263 4383 27
283 4328 430 4382 amminist.
449 4325 508 4380 Lu
