3136 4934
376 429 424 482 De
453 427 627 482 ciuitate
655 427 718 482 dei
745 427 810 484 llb.
839 427 912 482 VIII.
940 445 1016 499 cap.
1041 431 1082 483 11.
1236 431 1295 496 37]

152 625 187 685 et
204 624 357 688 moralem
377 623 429 687 uel
449 623 595 699 ethicam,
615 622 647 687 in
667 641 729 706 qua
748 622 785 686 de
804 622 946 687 moribus
965 623 1071 708 agitur
1084 624 1301 706 bonorumque

152 727 271 792 linibus
297 729 480 813 adpetendis
505 730 725 810 malorumque
749 728 898 806 citandis,
926 728 997 794 ideo
1031 731 1133 795 nescit
1166 730 1204 794 ab
1237 749 1301 796 unc

150 853 229 898 uero
254 836 321 900 Deo
347 834 448 918 adque
473 836 593 918 optimo
619 839 651 900 et
673 839 817 899 naturam
840 835 931 901 nobis
957 854 1037 914 esse,
1068 855 1130 919 qua
1157 837 1233 902 laeti
1261 835 1301 900 ad

151 941 223 1006 eius
248 941 418 1027 imaginem
443 961 566 1021 snmus,
591 946 622 1008 et
646 942 832 1020 doctrinam,
857 961 919 1025 que
943 961 1014 1008 eum
1039 961 1160 1025 nosque
1179 944 1301 1008 noueri-

117 1069 130 1106 s
150 1066 236 1124 mus,
261 1051 295 1112 et
317 1048 462 1130 gratiam,
488 1067 550 1130 qua
567 1048 615 1112 illi
635 1047 829 1113 cohaerendo
848 1048 934 1112 beati
952 1048 1063 1113 simus.
1087 1049 1175 1113 Haec
1193 1049 1301 1133 itaque

148 1173 251 1219 causa
273 1157 324 1220 est
347 1174 428 1237 quur
450 1154 530 1220 istos
555 1154 668 1219 ceteris
685 1154 910 1236 praeferamus,
930 1155 1014 1237 quis,
1035 1174 1108 1219 eum
1127 1155 1181 1220 alii
1199 1155 1301 1238 philo·

148 1262 245 1346 sophi
269 1261 397 1344 ingenia
421 1281 479 1326 sua
503 1262 672 1344 studiaque
697 1261 902 1326 contriaerint
923 1261 955 1325 in
978 1261 1174 1344 requirendis
1197 1281 1301 1328 rerum

149 1369 271 1446 causis,
296 1373 328 1434 et
352 1369 480 1452 qulnam
505 1372 590 1434 esset
621 1369 736 1434 medus
769 1369 910 1434 discendi
945 1369 1046 1451 adque
1076 1369 1217 1448 uiuendi,
1245 1369 1301 1434 isti

147 1475 218 1540 Deo
244 1475 374 1558 cognito
398 1478 603 1558 reppererunt
626 1475 680 1539 ubi
704 1480 790 1541 esset
819 1478 850 1540 et
883 1493 979 1542 causa
1007 1476 1200 1540 constitutae
1233 1477 1299 1541 uni·

104 1603 130 1642 10
149 1583 317 1648 noscitatis
342 1585 374 1647 et
395 1584 450 1647 lux
472 1582 692 1666 perciplandae
716 1581 863 1647 ueritatis
888 1584 920 1646 et
946 1581 1017 1646 fons
1045 1582 1199 1647 bibendae
1232 1583 1300 1648 feli·

148 1689 271 1754 citatis.
296 1688 372 1754 Siue
397 1707 470 1773 ergo
495 1688 550 1753 isti
573 1689 729 1755 Platonici
753 1690 822 1753 siue
847 1689 1040 1771 quicumque
1067 1688 1122 1753 alii
1154 1709 1300 1773 quarum-

147 1797 230 1862 libet
254 1796 398 1880 gentium
423 1795 604 1881 philosophi
628 1796 666 1860 de
689 1796 756 1861 Deo
780 1796 843 1860 ista
867 1795 1016 1871 sentiunt,
1040 1795 1206 1861 nobiscum
1231 1817 1300 1862 sen·

148 1904 247 1968 tiunt.
289 1900 353 1966 Sed
388 1901 459 1967 ideo
499 1919 571 1966 eum
604 1901 775 1966 Platonicis
809 1901 911 1985 magis
944 1919 1035 1985 agere
1067 1901 1190 1983 placuit
1220 1903 1300 1969 hanc

148 2026 293 2084 causam,
317 2007 392 2089 quia
421 2027 528 2073 eemm
556 2011 631 2072 sunt
653 2007 778 2072 litterae
806 2007 954 2074 notiores.
996 2007 1079 2073 Nam
1111 2011 1144 2072 et
1176 2007 1299 2085 Graeci,

104 2134 129 2174 ¹⁵
148 2132 288 2198 qnorum
312 2113 421 2198 lingua
438 2114 470 2178 in
490 2114 639 2198 gentibus
658 2114 842 2196 praeminet,
863 2133 916 2178 eas
936 2133 1050 2198 magns
1066 2113 1300 2197 praedicatione

147 2222 361 2297 celebrarunt,
385 2223 417 2284 et
438 2220 543 2286 Latini
561 2221 695 2304 permoti
714 2240 821 2285 eanum
842 2220 894 2285 uel
913 2220 1098 2285 excellentia
1116 2221 1168 2285 uel
1188 2221 1299 2306 gloria,

145 2330 235 2412 ipsas
260 2327 414 2392 libentius
439 2325 618 2392 didicerunt
641 2326 743 2410 adque
767 2327 798 2390 in
827 2331 971 2392 nostrum
1005 2327 1166 2410 eloquium
1200 2331 1298 2394 trane-

144 2433 278 2500 ferendo
300 2433 471 2498 nobiliores
497 2432 706 2516 clamoresque
731 2433 884 2498 lecerunt.

617 2625 752 2691 CAPUT
775 2627 831 2690 XI.

102 2793 128 2832 ao
146 2769 262 2835 Unde
278 2769 398 2834 Plato
419 2767 1297 2852 eamintellegentiampotueritadquirere,

260 2894 336 2958 qua
360 2874 622 2940 Christianae
653 2875 856 2940 scientiae
878 2874 1189 2957 propinquauit.

190 3018 351 3084 Mirantur
373 3021 480 3090 autem
505 3017 632 3100 quidem
656 3017 746 3082 nobis
770 3018 802 3082 in
822 3015 941 3082 Christi
960 3017 1062 3101 gratia
1081 3016 1204 3094 sociati,
1225 3037 1297 3082 cum

145 3125 286 3191 andiunt
303 3124 356 3188 uel
373 3123 486 3208 legunt
500 3124 665 3189 Platonem
685 3123 723 3188 de
737 3124 806 3189 Deo
820 3124 884 3188 ista
899 3123 1048 3200 sensisse
1065 3143 1144 3205 quae
1158 3123 1296 3188 multum

145 3249 324 3316 congruere
347 3231 476 3295 ueritati
499 3233 625 3296 nostrae
649 3230 811 3314 religionis
831 3233 1017 3314 agnoscunt.
1043 3229 1133 3294 Unde
1153 3229 1297 3294 nonnulli

103 3359 128 3399 as
146 3340 349 3424 putauerunt
376 3355 460 3414 enm,
490 3337 612 3419 quande
645 3337 780 3421 perrexit
813 3338 843 3400 in
875 3336 1070 3420 Aegyptum,
1103 3335 1295 3401 Hieremiam

145 3446 279 3511 audisse
303 3443 489 3526 prophetam
513 3443 566 3508 nel
590 3443 763 3526 scripturas
787 3443 989 3526 propheticas
1013 3442 1044 3506 in
1074 3441 1182 3507 eadem
1210 3462 1296 3526 pere-

144 3551 325 3638 grinatione
348 3549 480 3634 legisse;
516 3569 649 3631 quorum
673 3549 801 3632 quidem
829 3547 1010 3630 opInionem
1037 3549 1068 3613 in
1106 3548 1297 3632 quibusdam

143 3657 239 3724 libris
264 3655 344 3721 meis
367 3657 470 3739 posui.
506 3655 568 3720 Sed
592 3655 760 3746 diligenter
789 3655 961 3736 subputata
993 3658 1172 3738 temporum
1203 3655 1295 3731 ratio,

239 3848 274 3902 28
294 3844 327 3901 de
347 3846 431 3904 doctr.
452 3845 550 3902 Christ.
571 3847 606 3910 11,
627 3863 648 3902 c.
667 3847 702 3900 28

179 4001 200 4055 4
229 4015 287 4054 nes.
316 4012 394 4051 aare
423 4013 483 4066 que,
511 4014 525 4051 e
634 3999 649 4052 5
678 3997 767 4067 gratia
799 3997 821 4050 C
928 3995 943 4050 8
973 3959 1095 4050 discendi
1119 4011 1132 4047 a
1231 3995 1295 4047 9et

143 4141 197 4180 om.
220 4125 261 4178 te
336 4122 511 4176 constitutae
568 4121 600 4176 10
618 4099 790 4192 bibendam
804 4137 887 4190 marq.
904 4096 1058 4190 tituendae
1113 4121 1144 4173 11
1165 4119 1296 4224 siqqroe

146 4243 178 4296 13
210 4237 316 4310 placuit
335 4253 415 4306 agere
434 4251 461 4304 ε,-
484 4237 587 4306 placuit
605 4237 675 4292 hanc
694 4253 800 4292 causam
820 4252 935 4306 ageres
1028 4237 1059 4288 14
1088 4235 1161 4304 qnia]
1183 4251 1296 4306 quame

146 4327 445 4400 representamus
499 4325 711 4380 assentasse
771 4325 883 4380 multia
937 4327 970 4378 25
989 4323 1127 4378 ieremiam
1145 4341 1190 4392 qe

1207 4429 1258 4482 24*
