3108 4926
259 399 323 463 310
601 397 629 453 S.
657 395 813 450 Aurelii
840 393 1059 465 Augustini

257 612 318 656 non
351 591 395 656 sit
425 591 558 674 ingrata,
592 591 680 655 nullo
714 589 807 654 modo
840 589 946 673 potuit
978 589 1151 673 peruenire.
1190 589 1307 654 Verum
1341 589 1401 652 ista

258 698 411 781 mysteria
425 696 584 763 doetrinae
599 697 706 779 qualia
720 695 784 760 sint
798 697 972 780 quantique
986 695 1160 778 pendenda,
1176 715 1256 778 quae
1270 714 1402 777 sequun-

259 809 312 869 tur
340 804 514 870 ostendent.
552 805 686 868 Fatetur
712 803 838 867 interim
866 803 917 868 uir
943 805 1005 868 ista
1034 802 1240 869 doctissimus
1269 803 1402 867 animam

260 908 371 975 mundi
395 897 436 974 eo
454 911 559 993 partes
584 909 653 972 eius
673 927 744 972 esse
763 927 857 974 ueros
876 907 965 980 deos:
989 907 1072 973 unde
1091 908 1288 992 intellegitur
1306 911 1403 972 totam

261 1017 330 1080 eius
357 1015 552 1099 theologian,
576 1033 645 1079 eam
674 1014 776 1098 ipsam
804 1014 928 1080 seilicet
950 1013 1136 1092 naturalem,
1160 1015 1212 1080 aui
1234 1014 1404 1096 plurimum
1433 1039 1446 1078 u

259 1121 382 1200 tribuit,
415 1141 517 1204 usqne
554 1122 593 1186 ad
630 1121 752 1186 animae
788 1121 951 1186 rationalis
987 1123 1131 1186 naturam
1170 1139 1204 1185 se
1242 1122 1405 1186 extendere

261 1229 415 1312 potuisse.
453 1229 501 1294 De
529 1227 665 1293 naturali
693 1228 775 1292 enirn
809 1227 1003 1309 paucissima
1034 1227 1252 1312 praeloquitur
1281 1227 1313 1291 in
1348 1227 1405 1291 hoo

260 1335 352 1410 libro,
373 1355 465 1418 quem
486 1335 524 1400 de
544 1335 592 1399 dis
612 1335 739 1400 selectis
758 1334 909 1400 ultimum
929 1335 1073 1417 scripsit3
1092 1334 1125 1398 in
1145 1353 1206 1416 quo
1225 1333 1406 1398 uidebimus

262 1444 370 1506 utrum
392 1461 448 1526 per
470 1442 746 1526 interpretationes
769 1441 1006 1526 physiologiaas
1030 1441 1135 1524 possit
1158 1440 1197 1505 ad
1219 1441 1299 1505 hane
1319 1444 1407 1505 natu·

263 1548 362 1612 ialam
390 1549 505 1614 referre
534 1548 672 1614 ciuilem.
712 1547 804 1627 Quod
832 1548 859 1612 si
888 1547 1037 1630 potuerit,
1061 1551 1130 1612 tota
1156 1547 1310 1612 naturalis
1335 1547 1406 1612 erit:
1425 1572 1449 1612 a

264 1657 296 1718 et
323 1654 399 1737 quid
428 1674 508 1738 opus
536 1659 603 1720 erat
631 1655 669 1720 ab
699 1675 735 1720 ea
758 1655 887 1720 ciuilem
909 1657 998 1719 tanta
1021 1673 1097 1720 aura
1119 1653 1333 1719 distinotionis
1357 1653 1407 1718 ala
1447 1686 1451 1694 ·

263 1760 415 1846 iungere?
444 1762 478 1828 Si
503 1766 608 1826 autem
632 1764 718 1827 recto
743 1761 924 1826 discrimine
948 1763 1093 1844 separata
1116 1763 1179 1826 est:
1203 1761 1327 1844 quando
1351 1779 1409 1824 nea

264 1865 327 1930 ista
350 1885 426 1931 uera
454 1871 504 1931 est
532 1885 611 1949 quae
639 1866 687 1933 illi
715 1866 866 1931 naturalis
891 1867 996 1949 plaoet
1019 1864 1179 1950 (pemenit
1201 1866 1283 1930 enim
1308 1885 1408 1947 usque

265 1971 304 2036 ad
337 1973 483 2052 animam,
511 1992 573 2038 uon
606 1992 708 2055 usque
740 1973 780 2037 ad
811 1991 922 2038 uerum
951 1973 1054 2037 Deum
1087 1971 1140 2055 qui
1174 1972 1251 2038 feeit
1283 1975 1315 2036 et
1346 1972 1409 2036 ani·

266 2079 374 2164 mam),
395 2083 511 2161 quanto
535 2083 584 2144 est
607 2079 759 2145 abiectior
782 2083 813 2143 et
835 2079 945 2146 falsior
962 2079 1025 2144 ista
1044 2079 1159 2158 ciuilis,
1178 2098 1259 2161 quae
1277 2079 1410 2144 maxime
1427 2102 1450 2144 1⁵

266 2186 349 2250 oiroa
376 2203 542 2268 corporum
571 2191 621 2252 est
648 2191 801 2270 occupata
828 2188 983 2264 naturam,
1007 2187 1093 2251 siout
1119 2186 1206 2268 ipsae
1229 2186 1410 2268 interpreta-

265 2292 367 2357 tiones
396 2293 475 2367 eius,
499 2311 535 2358 ex
563 2293 679 2376 quibus
708 2293 862 2376 quaedam
889 2294 1067 2360 necessaria
1093 2311 1339 2358 commemorare
1360 2311 1410 2356 me

267 2401 401 2481 oportet,
427 2402 514 2464 tanta
541 2399 580 2464 ab
608 2401 687 2484 ipsis
712 2400 886 2482 exquisitae
910 2405 942 2466 et
966 2403 1148 2466 enucleatae
1173 2399 1338 2484 diligentia
1361 2399 1410 2463 de-

267 2507 498 2572 monstrabunt.

306 2796 474 2865 lpoterite
528 2797 655 2866 2qualia
672 2813 733 2866 sap.
754 2797 849 2854 leae
919 2800 1047 2852 secuntur
1068 2796 1112 2850 Oe
1165 2794 1413 2860 3auim‚mundit'

268 2884 285 2936 4
304 2887 383 2937 tanta
402 2901 435 2938 aa
452 2887 513 2939 tota
531 2901 601 2939 eoru.
621 2901 634 2938 e
724 2888 739 2940 5
759 2887 801 2939 oui
820 2886 935 2940 multum
955 2903 972 2955 q
1056 2886 1071 2939 7
1091 2883 1276 2954 praeloquitur
1294 2901 1331 2940 m.
1351 2888 1366 2936 1
1383 2882 1413 2935 io

269 2987 354 3042 oiorq.
374 2989 387 3026 e
468 2973 495 3026 in
514 2973 565 3026 hoo
583 2973 662 3036 libro,
682 2990 760 3042 quern
772 3016 777 3026 .
790 3015 796 3026 .
809 3017 813 3026 .
825 2973 950 3027 ultimum
969 2974 1009 3027 aio
1026 2972 1125 3028 Domb.
1145 2977 1252 3026 mutato
1269 2971 1412 3025 uerborum

269 3060 381 3128 ordinm
403 3061 431 3114 in
454 3059 506 3115 hoa
528 3061 607 3124 libro,
627 3063 654 3115 in
679 3078 731 3130 quo
756 3061 908 3115 uidebimus
927 3067 1016 3116 utrum
1034 3077 1083 3131 per
1100 3061 1212 3130 interpr.
1231 3059 1310 3130 phys.
1329 3058 1414 3130 posuit

271 3149 305 3202 ad
324 3149 393 3202 hano
411 3149 562 3204 naturalem
582 3149 680 3204 referre
700 3151 817 3212 ciuilem,
833 3167 912 3220 quarn
928 3150 961 3204 de
976 3149 1027 3203 diis
1042 3149 1151 3204 selectis
1165 3149 1288 3204 ultimam
1308 3147 1415 3218 scripsit

274 3237 297 3290 0
313 3237 391 3292 etsie
407 3237 465 3291 rell.
481 3243 506 3291 et
518 3255 534 3292 o
548 3239 605 3292 aiei
618 3240 693 3306 quari
706 3239 792 3308 possit
800 3245 866 3308 poet
880 3238 1032 3293 naturalem
1044 3237 1147 3292 habent
1161 3241 1186 3291 et
1197 3238 1238 3291 sio
1250 3236 1351 3290 Domb.
1369 3234 1412 3304 (σῖΙ

275 3325 344 3390 VII,
357 3341 378 3378 o.
389 3329 437 3380 17:
451 3327 479 3379 in
494 3327 575 3380 tertio
591 3345 668 3397 porro
684 3329 736 3381 isto
757 3327 790 3381 de
810 3327 851 3382 dis
868 3328 1174 3395 selectia‚posteaquam
1187 3324 1362 3395 praelocutus
1376 3327 1414 3378 est

272 3413 344 3484 quod
364 3431 394 3468 er
413 3415 531 3468 naturali
550 3416 689 3485 theologia
708 3417 936 3486 praeloquendum
955 3415 1065 3487 putauit
1083 3431 1106 3468 e.
1127 3431 1151 3486 q.
1171 3418 1204 3480 s.)
1277 3415 1294 3466 9
1317 3412 1412 3482 possit]

271 3503 387 3572 iussitq
451 3503 484 3557 10
504 3503 635 3573 poteritl
703 3507 733 3560 ll
754 3505 807 3558 hab
827 3503 903 3560 eeO
970 3506 1003 3558 12
1023 3503 1131 3573 quaudo
1149 3502 1273 3556 necista
1291 3517 1356 3554 uera
1374 3503 1413 3554 aet

272 3609 332 3660 sup.
353 3592 448 3646 liae
502 3592 534 3646 15
554 3593 728 3649 etebieot.l
800 3593 956 3648 fallaciorb
1013 3593 1045 3645 16
1065 3591 1145 3662 circa]
1167 3589 1260 3659 ergal
1319 3589 1349 3642 17
1367 3603 1412 3640 ne-

273 3709 389 3762 cossaria
408 3708 501 3776 codd.;
519 3710 705 3764 necessarior)
762 3709 794 3764 18
815 3675 953 3779 enicleatq
975 3709 999 3762 C
