3094 4932
242 405 283 466 28
591 401 617 453 S.
646 397 806 452 Aurelii
833 396 1050 466 Augustini

241 599 318 678 aput
342 593 618 678 Carthaginienses
648 593 720 658 fnit.
760 592 821 673 Qui
851 611 923 658 cum
952 593 1013 658 sibi
1040 592 1171 658 mallent
1198 612 1216 655 a
1238 590 1390 657 Romanis

241 721 316 767 snos
340 701 427 765 reddi
452 721 546 784 quam
571 721 677 766 eorum
702 704 807 766 tenere
836 700 992 783 captiuos,
1025 698 1146 762 adhoc
1170 697 1391 782 inpetrandam

241 809 335 874 etiam
373 808 472 872 istum
510 807 679 892 praecipue
712 807 869 892 Regulum
903 826 975 870 eum
1008 804 1123 890 legatia
1156 805 1223 870 suis
1256 804 1390 870 Romam

240 916 405 993 miserunt,
423 915 511 997 prius
531 915 687 979 iuratione
707 915 923 991 constrictum,
943 912 971 976 si
991 912 1075 995 quod
1093 910 1243 977 uolebant
1260 910 1390 976 minime

240 1022 426 1105 peregisset,
454 1021 630 1086 rediturum
659 1039 729 1086 esse
758 1020 990 1104 Carthaginem.
1032 1019 1173 1083 Perrexit
1198 1018 1254 1082 ille
1288 1018 1389 1100 adque
1425 1039 1439 1081 a

240 1129 271 1192 in
301 1130 411 1194 senatu
440 1129 596 1193 contraria
623 1127 791 1210 persuasit,
817 1127 965 1208 quoniam
992 1145 1053 1190 non
1077 1125 1288 1190 arbitrabatur
1311 1124 1391 1188 utile

242 1255 311 1300 esse
334 1235 494 1300 Romanae
522 1235 568 1298 rei
596 1233 742 1316 publicae
770 1237 892 1298 mutare
923 1233 1077 1316 captiuos.
1114 1232 1181 1297 Neo
1209 1237 1283 1314 post
1310 1232 1391 1295 hano

239 1343 476 1425 persuasionem
500 1362 519 1406 a
543 1341 610 1406 auis
635 1340 674 1404 ad
698 1341 806 1404 hostes
831 1338 931 1404 redire
955 1340 1129 1422 conpulsus
1154 1344 1213 1416 est,
1237 1337 1293 1403 sed
1317 1338 1392 1420 quia

240 1449 409 1526 inuenerat,
433 1447 465 1511 id
489 1452 602 1529 sponte
626 1447 798 1532 conpleuit.
832 1449 876 1512 At
897 1447 946 1512 illi
974 1467 1047 1512 enm
1075 1446 1260 1530 excogitatis
1289 1445 1392 1526 adque

240 1554 402 1619 horrendis
436 1553 629 1618 cruciatibus
662 1555 863 1620 neoauernnt.
906 1554 1071 1618 Inclusum
1102 1555 1218 1637 quippe
1252 1555 1388 1636 angusto
1412 1573 1438 1611 m

239 1661 338 1744 ligno,
362 1660 419 1724 ubi
442 1663 525 1725 stare
549 1666 724 1744 cogeretur,
748 1660 912 1742 clarisque
937 1659 1131 1725 acutissimis
1154 1659 1295 1741 undique
1319 1677 1392 1724 con·

198 1819 199 1823 ,
241 1767 312 1844 fixo,
342 1771 378 1832 nt
407 1785 440 1830 se
469 1768 500 1831 in
529 1767 648 1832 nullam
683 1768 750 1832 eius
784 1770 905 1850 partem
938 1767 1005 1830 sine
1037 1765 1148 1849 poenis
1182 1765 1390 1830 atrocissimis

241 1873 417 1952 inclinaret,
442 1873 537 1937 etiam
567 1873 729 1957 uigilando
756 1877 966 1957 peremerunt.
1003 1872 1119 1936 Merito
1148 1875 1232 1936 certe
1260 1871 1392 1935 laudant

241 1979 395 2043 uirtutem
422 1984 488 2044 tarn
518 1999 633 2064 magna
661 1979 848 2044 infelicitate
875 1979 1037 2044 maiorem.
1080 1979 1121 2044 Et
1148 1999 1204 2062 per
1232 1979 1307 2042 deos
1335 1976 1390 2041 ille

239 2086 408 2162 tumuerat,
434 2105 567 2168 quorum
597 2086 686 2150 cultu
714 2085 873 2169 prohibito
902 2087 960 2150 has
988 2085 1094 2169 generi
1122 2086 1258 2149 humano
1284 2083 1389 2149 clades
1411 2105 1437 2145 1⁵

239 2193 294 2256 isti
319 2193 486 2275 opinantur
508 2191 619 2276 infligi.
646 2189 708 2270 Qui
732 2211 805 2275 ergo
829 2194 995 2274 propterea
1018 2192 1211 2269 colebantur,
1235 2195 1273 2256 ut
1294 2191 1391 2255 istam

240 2300 341 2364 uitam
355 2317 536 2381 prosperam
551 2298 726 2374 redderent,
744 2299 771 2362 si
786 2318 897 2363 uerum
912 2299 1029 2363 iuranti
1043 2297 1100 2362 has
1118 2297 1254 2382 inrogari
1273 2315 1390 2381 poenas

240 2425 298 2471 seu
313 2406 482 2470 noluerunt
502 2424 557 2469 seu
577 2405 798 2488 peraniserunt,
812 2405 887 2487 quid
907 2405 1029 2488 periuro
1050 2399 1179 2489 granius
1197 2405 1270 2468 irati
1288 2405 1390 2468 faeere

239 2514 432 2596 potnerunt?
470 2511 533 2576 Sed
565 2531 645 2594 quur
677 2531 738 2576 non
770 2511 1044 2577 ratiocinationem
1076 2530 1177 2576 meam
1210 2511 1317 2594 potius
1351 2509 1390 2573 ad

239 2621 410 2700 utrumque
438 2618 646 2684 concludam?
679 2618 764 2683 Deos
794 2621 877 2682 certe
904 2617 959 2681 ille
988 2617 1034 2681 sio
1062 2617 1172 2696 coluit,
1200 2620 1237 2682 ut
1263 2620 1391 2699 propter
1409 2641 1436 2681 ao

238 2725 317 2789 iuris
346 2725 470 2789 iurandi
498 2725 592 2789 fidem
620 2744 677 2789 nec
704 2727 845 2789 rnaneret
872 2725 903 2788 in
930 2724 1042 2806 patria,
1066 2742 1124 2788 nec
1150 2724 1229 2788 inde
1248 2723 1391 2805 quolibet

239 2832 294 2909 ire,
319 2832 374 2896 sed
402 2832 440 2896 ad
469 2851 545 2897 suos
574 2833 742 2896 acerrimos
770 2831 914 2896 inimicos
942 2830 1042 2894 redire
1066 2831 1195 2894 minime
1221 2829 1388 2894 dubitaret

239 2938 309 3002 Hoc
342 2938 369 3001 si
402 2938 476 3002 huic
507 2937 594 3002 ruitae
627 2939 706 3002 ntile
740 2937 949 3014 existimabat,
978 2937 1069 3002 cuins
1102 2939 1168 3001 tam
1200 2936 1389 3000 horrendum

240 3046 358 3109 exitum
390 3045 517 3122 meruit,
545 3045 656 3128 procul
690 3043 784 3108 dubio
817 3044 995 3111 fallebatur.
1040 3043 1104 3109 Suo
1137 3043 1253 3127 quippe
1282 3042 1390 3108 docuit

241 3152 381 3234 exemplo
415 3151 495 3214 nihil
533 3151 607 3215 deos
645 3150 683 3214 ad
721 3151 816 3214 istam
852 3151 1059 3233 temporalem
1096 3151 1282 3215 felicitatem
1320 3149 1387 3214 suis
1408 3167 1435 3206 aa

239 3257 388 3341 prodesse
417 3258 603 3335 cultoribus,
628 3258 750 3340 quando
776 3257 903 3339 quidem
926 3258 981 3322 ille
1005 3277 1112 3321 eorum
1137 3257 1263 3322 deditus
1287 3253 1390 3321 cultui

240 3369 272 3430 st
295 3364 401 3429 uictus
425 3368 457 3428 et
481 3364 627 3446 captiuus
652 3363 808 3428 abductus
833 3367 874 3442 et,
895 3363 970 3444 quia
988 3363 1092 3429 noluit
1110 3365 1202 3428 aliter
1220 3383 1314 3444 quam
1333 3380 1389 3444 per

276 3641 532 3711 lcarthaginenses
550 3647 603 3697 Aa
668 3640 783 3695 bredit.
802 3640 885 3694 luisse
904 3641 963 3696 La
1035 3639 1181 3710 adquaed
1238 3640 1388 3694 darbitra·

240 3733 320 3784 natur
337 3730 364 3784 L
419 3730 434 3782 'i
448 3733 514 3797 post
532 3729 663 3798 captiuos.
682 3730 788 3783 inserta
808 3735 846 3783 est
863 3731 969 3800 glossa:
987 3730 1020 3783 In
1034 3729 1262 3800 subsequentibus
1282 3729 1388 3796 dioit[d.

240 3819 269 3888 p]
290 3835 385 3871 suasus
405 3821 447 3870 est
465 3819 497 3870 ut
515 3820 608 3879 staret,
628 3818 652 3870 A
707 3818 817 3888 8quia]
840 3817 941 3888 quode
997 3819 1029 3872 16
1049 3817 1246 3874 eoleuanturL
1295 3817 1326 3871 17
1340 3833 1387 3869 ne-

239 3907 309 3975 rum]
327 3907 395 3970 uiro,
415 3906 422 3958 i
444 3910 468 3958 et
488 3923 502 3957 o
521 3921 555 3958 m.
571 3908 597 3959 2.
617 3906 648 3958 ia
666 3923 762 3971 rae.‚c
804 3908 837 3961 18
856 3907 905 3960 sed
924 3907 988 3975 quid
1011 3907 1040 3970 0,
1059 3907 1128 3961 miro
1147 3923 1235 3962 errore
1254 3905 1390 3960 librarius

239 3995 287 4049 sed
305 3995 337 4048 a'u
354 4011 437 4048 uersu
454 3999 580 4064 sequente
598 4001 664 4049 onte
684 4013 752 4066 quur
770 3995 900 4049 omiseram
918 3995 962 4049 bic
974 3998 1071 4065 posuit
1148 3996 1181 4050 de
1200 3997 1307 4066 periuro
1329 3993 1390 4059 flr²

240 4083 275 4138 20
293 4085 331 4136 sic
349 4083 396 4136 ille
415 4099 430 4136 a
485 4084 517 4136 21
538 4089 659 4137 maneret
679 4089 798 4150 (manere
814 4089 842 4151 a)
861 4084 954 4152 codd.,·
973 4089 1152 4138 remaneretv
1207 4084 1390 4155 quoliberete

240 4175 274 4227 22
292 4179 317 4238 b,
335 4172 517 4241 superscripto
537 4172 654 4237 minime,
676 4190 694 4225 a
748 4174 782 4228 23
802 4173 932 4238 utilaeC
985 4174 1157 4227 existimauat
1175 4172 1235 4226 La¹
1287 4173 1322 4226 24
1336 4171 1388 4226 fal-

514 4253 537 4278 VO

238 4289 349 4342 leuatur
367 4287 428 4342 LA¹
501 4290 588 4354 seips
643 4290 676 4345 27
697 4288 820 4358 captibus
838 4289 900 4344 Lll¹
974 4289 1020 4358 qui
1040 4306 1058 4342 c
