3072 4930
322 435 373 489 De
403 435 576 490 ciuitate
606 433 666 488 dei
694 433 759 490 lib.
788 433 852 488 IIII.
881 451 956 504 cap.
980 433 1022 488 26.
1043 435 1086 488 27.
1215 436 1276 503 197

113 631 190 693 tum
229 626 435 710 expositoque
472 625 595 691 somnio
632 629 759 708 recepta
796 627 944 692 continuo
977 627 1160 693 ualetudine
1191 627 1277 712 pedi·

113 735 179 800 bus
212 733 286 800 suis
314 752 409 800 sanus
433 732 598 798 abscessit.
623 732 724 798 Tanto
748 733 947 816 stupefactus
971 733 1123 799 miraculo
1148 738 1276 800 senatus

114 841 368 926 quadruplicata
381 839 516 923 pecunia
529 838 623 906 ludos
638 840 763 904 censuit
776 839 952 905 instaurari.
978 838 1057 919 Quis
1076 861 1137 906 non
1157 841 1276 920 uideat,

113 949 171 1032 qui
203 967 322 1013 sanum
350 947 444 1030 sapit,
474 946 619 1012 subditos
653 947 795 1012 homines
828 948 976 1033 malignis
1010 947 1228 1026 daemonibus,
1258 968 1276 1015 a

83 1072 259 1137 equorum
289 1053 501 1118 dominatione
533 1072 594 1118 nou
626 1052 741 1118 liberat
772 1053 833 1118 nisi
866 1054 968 1138 gratia
995 1053 1055 1118 Dei
1086 1073 1141 1136 per
1167 1055 1274 1120 Iesum

113 1161 288 1227 Christum
307 1159 470 1225 dominum
490 1163 645 1239 nostrum,
665 1159 698 1224 ui
717 1160 886 1244 conpulsos
906 1180 976 1226 esse
995 1161 1138 1226 exhibere
1156 1161 1275 1228 talibus

113 1267 177 1347 dis,
200 1286 287 1351 quae
311 1270 398 1332 recto
423 1267 554 1332 consilio
578 1269 726 1350 poterant
748 1267 854 1350 turpia
872 1267 1026 1332 iudicari?
1050 1267 1086 1332 ln
1105 1267 1170 1332 illis
1190 1272 1274 1332 certe

110 1373 203 1440 ludis
229 1375 356 1458 poetica
378 1374 544 1438 numinum
568 1373 699 1439 crimina
721 1374 970 1456 frequentantur,
994 1374 1048 1457 qui
1071 1374 1139 1440 ludi
1162 1393 1275 1458 cogen-

112 1479 206 1546 tibus
237 1480 422 1545 numinibus
450 1479 542 1546 iussu
571 1483 700 1546 senatus
728 1481 994 1548 instaurabantur.
1031 1481 1067 1546 In
1095 1480 1160 1546 illis
1187 1481 1273 1546 ludis

70 1617 94 1655 n
113 1591 339 1670 corruptorem
368 1585 541 1669 pudicitiae
564 1587 675 1652 Iouem
703 1587 882 1669 turpissimi
909 1587 1079 1652 histriones
1105 1587 1274 1653 cantabunt

113 1694 258 1777 agebant
296 1693 473 1776 placebant.
522 1691 557 1757 Si
588 1691 669 1757 illud
701 1693 889 1777 fingebatur,
922 1693 976 1759 ille
1008 1693 1211 1770 irasceretur;
1245 1693 1272 1758 si

112 1803 227 1864 autem
258 1801 327 1866 suis
356 1799 540 1864 criminibus
565 1800 659 1864 etiam
684 1799 767 1864 fietis
792 1800 1018 1880 delectabatur,
1042 1802 1166 1884 quando
1191 1803 1273 1866 cole·

113 1909 216 1982 retur,
242 1906 305 1971 nisi
334 1905 459 1971 diabolo
488 1905 681 1971 seruiretur?
717 1907 806 1972 Itane
834 1908 895 1972 ista
919 1907 1096 1973 Romanum
1124 1908 1273 1974 conderet

113 2013 271 2078 dilataret
306 2016 509 2078 conseruerat
544 2013 725 2095 imperium,
764 2014 879 2096 quouis
916 2014 1068 2092 Romano,
1108 2015 1159 2080 oui
1194 2015 1273 2078 talia

72 2151 96 2192 u
114 2119 344 2202 displicebant,
377 2118 504 2184 homine
542 2119 715 2184 abiectior?
759 2119 826 2184 Iste
863 2121 952 2186 daret
987 2120 1183 2198 felicitatem,
1217 2120 1272 2203 qui

114 2229 181 2291 tam
205 2225 380 2292 infeliciter
404 2225 575 2300 colebatur,
597 2229 629 2290 et
646 2226 708 2292 nisi
727 2227 773 2291 ita
791 2228 958 2305 coleretur,
977 2227 1138 2292 infelicius
1156 2227 1271 2292 irasce-

112 2333 232 2398 batur?

549 2471 686 2539 CAPUT
709 2473 840 2538 XXVII.

112 2615 167 2680 De
197 2615 338 2680 tribus
369 2615 589 2699 generibus
618 2615 791 2692 deorum,
816 2614 860 2678 de
889 2613 1038 2698 quibus
1067 2612 1269 2681 Scaeuola

71 2745 95 2784 u
466 2720 652 2802 pontifex
677 2719 919 2802 disputabit.

155 2862 312 2928 Relatum
342 2859 449 2926 estin
477 2860 600 2926 litteras
629 2861 852 2928 doctissimum
875 2861 1057 2945 pontificem
1081 2861 1267 2928 Scaeuolam

112 2969 301 3054 disputasse
329 2968 391 3032 tria
418 2986 533 3052 genera
560 2968 676 3033 tradita
704 2969 848 3034 deorum:
877 2989 975 3035 uuum
1004 2991 1022 3034 a
1048 2969 1163 3051 poetis,
1192 2967 1267 3032 alte-

111 3095 182 3141 rum
215 3095 233 3140 a
264 3075 474 3159 philosophis,
502 3075 633 3139 tertium
662 3094 680 3139 a
706 3075 902 3159 principibus
936 3075 1087 3140 ciuitatis.
1124 3075 1267 3140 Primum

113 3201 214 3266 genus
245 3181 448 3265 nugatorium
477 3181 554 3246 dicit
586 3201 667 3261 esse,
700 3182 785 3265 quod
817 3183 919 3248 multa
952 3181 990 3248 de
1028 3182 1076 3248 dis
1109 3181 1267 3266 fingantur

71 3305 94 3344 2⁵
112 3288 261 3371 indigum
294 3288 469 3353 secundum
501 3308 563 3354 uon
597 3306 767 3373 congruere
800 3288 996 3366 ciuitatibus,
1033 3289 1119 3373 quod
1150 3289 1268 3353 babeat

112 3397 222 3481 aliqua
247 3415 454 3479 superuacua,
479 3397 585 3480 aliqua
608 3397 703 3462 etiam
728 3415 807 3478 quae
833 3396 918 3462 obsit
939 3398 1067 3481 populis
1091 3416 1194 3463 nosse.
1218 3396 1265 3461 De

112 3503 323 3588 superuacuis
346 3523 408 3569 non
432 3523 547 3588 magua
570 3523 666 3570 causa
689 3507 752 3581 est;
782 3505 865 3568 solet
888 3505 970 3570 enim
1001 3509 1033 3570 et
1061 3523 1079 3568 a
1105 3503 1184 3568 iuris
1213 3523 1266 3587 pe-

112 3611 180 3676 n'tis
206 3611 288 3676 dici:
322 3609 487 3694 Superflua
511 3629 570 3676 uon
595 3615 719 3677 nocent.
754 3609 841 3690 Quae
866 3616 941 3677 sunt
964 3616 1070 3677 autem
1093 3611 1160 3690 illa,
1184 3629 1264 3694 quae

111 3720 238 3802 prolata
262 3717 293 3782 in
316 3718 555 3784 multitudinem
580 3723 717 3784 nocent?
741 3719 847 3800 ‘Haec,
871 3719 985 3803 inquit,
1009 3739 1070 3786 non
1094 3737 1164 3784 esse
1189 3717 1264 3782 deos

146 3963 338 4017 diastemate
357 3961 391 4015 d¹
466 3962 512 4032 qui
535 3963 567 4017 δ’
622 3963 772 4032 4maligni
791 3962 816 4018 e²
871 3964 1013 4018 flexibere
1033 3963 1055 4016 Λ
1120 3962 1150 4016 11
1171 3961 1263 4032 plaee-

111 4077 176 4132 bant
194 4077 222 4132 L
233 4077 256 4131 Α
270 4075 358 4130 Cu²b
370 4077 613 4147 de¹pqa¹kfc,·
631 4079 777 4149 placabunt
797 4078 862 4134 o¹e²
873 4077 903 4132 α’
958 4081 990 4134 12
1009 4045 1079 4134 finctis
1094 4077 1133 4146 L;
1151 4077 1231 4132 factis
1247 4076 1264 4129 b

115 4167 146 4220 13
165 4165 280 4220 diabulo
296 4165 326 4222 0.
345 4166 395 4219 sub
417 4166 527 4221 diabulo
548 4185 565 4218 α
637 4167 824 4222 serbireturL
881 4170 913 4222 14
933 4167 1012 4237 displ.
1032 4167 1114 4222 talo
1170 4167 1203 4220 16
1222 4165 1262 4219 ita

112 4271 160 4312 orn.
178 4255 204 4310 0
260 4255 292 4309 19
312 4253 345 4308 de
365 4260 431 4310 ante
449 4256 546 4324 quibus
561 4273 612 4312 om.
630 4257 654 4312 C
705 4260 737 4312 21
759 4259 865 4312 litteras
881 4257 950 4311 Lm
965 4257 1143 4328 Ob¹dpqo;
1162 4255 1263 4312 litteris

113 4342 238 4398 u²ab²e
296 4345 329 4398 25
348 4343 433 4398 babet
454 4344 486 4398 0¹
541 4346 732 4400 28110οθΗῖι
788 4348 822 4402 29
842 4347 1061 4418 inquidLAG¹
