3136 4928
369 457 421 512 Dc
449 458 624 512 ciuitate
653 457 715 510 dei
743 457 1045 528 lit.xl.cap.10.
1216 463 1281 526 525

130 656 325 740 angelornm,
350 655 493 738 prolecto
521 654 598 718 lacti
622 656 698 718 sunt
720 654 888 737 participes
910 654 993 719 lucia
1018 659 1172 732 aeternae,
1197 654 1282 738 quod

130 766 181 827 est
211 761 283 846 ipsa
309 761 579 826 incommutabilis
609 761 765 844 sapientia
792 762 862 838 Dei,
890 780 946 844 per
974 781 1068 844 quam
1095 761 1180 827 iacta
1207 765 1283 826 eunt

131 868 246 944 omnia,
271 887 365 951 quem
394 868 530 933 dicimus
559 868 757 952 unigenitum
781 868 841 933 Dei
868 867 983 943 filium3
1013 871 1051 932 ut
1078 887 1114 932 oa
1141 868 1213 934 luce
1237 869 1281 932 in-

129 975 288 1051 luminati,
317 994 380 1057 qua
411 975 518 1052 creati,
547 975 658 1039 tierent
688 976 743 1038 lux
775 977 807 1039 at
839 978 1029 1038 uocarentur
1061 975 1128 1039 dies
1156 975 1283 1058 partici-
1363 1011 1366 1018 ·

100 1079 258 1163 spatione
286 1079 557 1145 incommutabilis
585 1080 668 1145 lucie
697 1083 730 1144 et
756 1079 829 1159 diei,
858 1081 943 1162 quod
972 1084 1022 1146 est
1047 1082 1181 1146 uerbum
1212 1081 1281 1154 Dei,

130 1204 188 1270 per
206 1186 290 1267 quod
311 1190 343 1252 et
360 1186 424 1269 ipsi
443 1167 476 1251 et
495 1187 599 1252 omnia
617 1188 703 1252 facta
722 1190 805 1251 suut.
830 1187 980 1252 Lumen
1001 1187 1117 1272 quippe
1135 1208 1282 1268 uerum,

132 1294 237 1376 quod
259 1293 1161 1360 inluminatomnombominemueniantemiu
1178 1295 1281 1360 huuc

130 1400 331 1476 mundum,
354 1398 415 1465 hoc
438 1399 607 1464 inluminat
631 1403 663 1464 at
686 1419 811 1465 omnem
832 1401 980 1482 angelum
999 1401 1164 1480 mundum,
1184 1404 1221 1466 ut
1240 1402 1281 1468 sit

130 1507 186 1570 lux
214 1525 274 1570 non
302 1506 333 1570 in
362 1525 396 1570 sa
423 1505 505 1587 ipso,
530 1505 587 1570 sed
613 1506 645 1570 in
669 1506 751 1581 Deo;
780 1525 885 1589 aquo
910 1508 937 1572 si
960 1508 1116 1573 auertitur
1139 1507 1281 1592 angelus,

90 1635 113 1673 rc
130 1613 170 1676 fit
187 1613 372 1689 inmundns;
396 1612 481 1676 sicut
499 1615 574 1676 sunt
593 1631 711 1689 omnes,
731 1613 786 1696 qui
804 1618 961 1678 uocantur
977 1613 1120 1679 inmundi
1139 1615 1282 1696 spiritua,

130 1737 190 1783 nec
216 1719 280 1783 iam
302 1719 357 1783 lux
379 1720 412 1783 in
434 1719 581 1796 Domino,
604 1720 659 1784 aad
682 1720 714 1784 iu
739 1739 773 1785 se
795 1720 876 1804 ipsis
898 1721 1056 1797 tenebrae,
1075 1721 1191 1804 priuati
1214 1741 1283 1804 par·
1319 1793 1321 1798 ¹

130 1827 316 1909 ticipatioue
343 1827 425 1893 lucis
455 1830 610 1892 aeternae.
647 1828 726 1892 Mali
755 1829 837 1893 euim
865 1829 954 1894 nulla
985 1832 1095 1893 natura
1129 1832 1191 1904 est3
1226 1827 1283 1893 sed

130 1934 263 1998 amissio
286 1934 362 1999 boni
385 1933 461 1998 mali
484 1953 599 2000 nomen
623 1935 755 2018 accepit.

610 2127 746 2194 CAPUT
770 2129 809 2194 X.

87 2293 112 2332 ra
132 2269 188 2333 De
212 2268 397 2351 simplici
422 2271 461 2334 et
483 2268 816 2334 incommutabili
840 2269 1034 2334 trinitate
1055 2268 1126 2333 Dei
1145 2269 1281 2332 Patris

132 2379 172 2439 et
198 2375 272 2439 Dei
296 2374 397 2439 Filii
426 2378 466 2439 et
486 2375 559 2440 Dei
584 2375 766 2457 Spiritus
792 2376 935 2453 sancti,
959 2375 1080 2439 unius
1104 2374 1188 2452 uei,
1214 2376 1280 2439 cui

208 2500 283 2546 non
309 2485 374 2546 est
398 2481 512 2547 aliud
537 2483 719 2564 qualitas
744 2481 938 2564 aliudque
963 2481 1210 2546 substantia.

175 2621 235 2686 Est
262 2623 371 2704 itaque
399 2623 517 2688 bonnm
546 2623 651 2687 solum
675 2623 808 2705 simplex
833 2626 866 2687 et
889 2622 928 2687 ob
952 2623 1013 2687 hoc
1037 2622 1140 2685 solnm
1165 2621 1282 2686 incom-

129 2729 297 2804 mutabile,
328 2729 412 2812 quod
445 2733 496 2794 est
523 2729 621 2796 Deus,
659 2729 707 2794 Ab
741 2729 801 2794 hoc
830 2729 910 2794 bono
942 2731 1046 2792 creata
1074 2730 1150 2792 sunt
1177 2727 1283 2792 omnia

82 2861 109 2900 aa
128 2834 222 2914 bona,
247 2835 303 2899 sed
327 2856 386 2900 non
411 2836 570 2918 simplicia
594 2839 625 2902 et
649 2837 688 2902 ob
712 2836 772 2900 hoc
796 2835 971 2901 mutabilia.
997 2833 1109 2900 Oreata
1132 2853 1216 2912 sane,
1236 2835 1281 2898 in-

129 2961 238 3023 quam,
261 2941 295 3005 id
319 2943 484 3024 calfacta,
508 2963 569 3007 non
594 2945 710 3028 genita.
750 2942 842 3023 Quod
867 2945 949 3008 enim
975 2941 1013 3006 de
1038 2941 1175 3026 simplici
1199 2941 1280 3006 bono

129 3048 275 3132 genitum
299 3053 358 3125 est,
377 3049 495 3131 pariter
518 3051 651 3132 simplex
675 3053 725 3115 est
748 3055 779 3114 et
801 3051 861 3115 hoc
886 3053 935 3114 est
959 3049 1044 3132 quod
1061 3048 1142 3112 illud
1161 3048 1199 3112 de
1219 3067 1280 3130 quo

127 3155 273 3239 genitum
298 3158 360 3234 est;
391 3174 470 3238 quae
494 3157 556 3221 duo
580 3157 706 3221 Patrem
731 3155 903 3221 etlilium
928 3155 1079 3229 dicimus;
1105 3160 1137 3219 et
1159 3158 1280 3219 utrum-

128 3280 191 3342 qne
219 3259 280 3325 hoc
310 3281 382 3326 cum
406 3263 521 3344 spiritu
546 3281 603 3327 suo
628 3283 711 3328 urrus
735 3263 823 3327 Deus
848 3267 909 3338 esu
941 3264 995 3345 qui
1020 3261 1152 3346 spiritus
1175 3261 1280 3326 Patris

79 3395 107 3433 aa
127 3369 160 3432 ec
178 3365 255 3430 Filii
274 3366 412 3449 Spiritus
437 3373 564 3433 sanctus
585 3371 710 3454 propria
729 3370 864 3453 quadam
884 3371 1010 3435 notione
1030 3369 1124 3434 huius
1144 3368 1280 3432 nominis

126 3473 160 3537 in
186 3475 284 3539 sacris
307 3473 423 3540 litteris
447 3481 657 3558 nuncupatur.
692 3477 784 3541 Alius
808 3481 858 3542 est
880 3479 987 3542 autem
1012 3495 1105 3559 quum
1129 3475 1224 3540 Pater
1248 3480 1280 3538 et

221 3689 378 3754 610.1‚9

164 3829 183 3882 4
203 3829 340 3884 creatione
360 3835 370 3884 t
443 3831 539 3884 flarent
558 3830 604 3884 lux
623 3834 652 3884 et
669 3833 833 3885 uocarentur
850 3831 1061 3901 participatione
1079 3831 1189 3900 (omisso
1209 3831 1277 3889 dicul

121 3933 146 3985 p
166 3916 199 3968 in
217 3931 312 3987 marp..
332 3924 414 3972 nnat
504 3917 723 3989 participationis
747 3919 782 3972 V¹
854 3921 994 3988 ducrum]
1014 3919 1057 3973 dei
1077 3935 1095 3971 a
1185 3935 1277 3973 uerum

128 4009 210 4072 estp
276 4005 309 4059 1³
329 4007 528 4062 amissioneat
591 4009 623 4061 15
643 4007 687 4061 dei
706 4008 792 4078 patrie
815 4007 933 4076 qua5
950 4007 1074 4062 Patriso
1135 4008 1167 4062 16
1187 4011 1216 4062 et
1234 4007 1278 4062 dei

125 4093 180 4146 filii
201 4098 230 4146 et
248 4091 293 4146 dei
311 4111 352 4165 sp.
372 4111 392 4149 s.
413 4095 477 4163 ch·
496 4099 525 4149 et
538 4096 587 4150 filii
603 4100 631 4150 et
644 4113 685 4165 sp.
700 4113 720 4151 a.
736 4112 808 4165 ppo
880 4097 938 4150 niue
954 4097 1033 4150 unius
1048 4114 1065 4165 q
1138 4097 1181 4150 cui
1194 4111 1279 4164 euque

127 4181 170 4235 ad
188 4181 344 4237 substantia
363 4199 414 4238 om.
434 4184 463 4254 q¹
528 4185 559 4239 17
579 4183 707 4255 aliudque
731 4185 795 4250 Va,·
814 4183 888 4238 aliud
901 4183 987 4254 pq²u
1052 4185 1084 4239 19
1103 4185 1177 4239 Deus
1196 4199 1247 4240 om.
1268 4189 1278 4238 t

127 4271 164 4323 22
184 4269 219 4334 qb
239 4269 291 4323 hoc
314 4270 342 4322 V
418 4273 454 4326 24
472 4287 521 4326 ano
540 4287 618 4339 naam
635 4273 737 4336 sancto,
757 4289 771 4326 a
789 4273 821 4326 ta
838 4287 968 4343 marq.,o
1058 4272 1124 4327 deus
1143 4276 1185 4327 ast
1203 4289 1278 4339 maa,-

126 4361 172 4412 esa
190 4357 265 4412 Dens
283 4375 299 4413 u
317 4359 417 4415 Domb.
