3164 4932
273 438 338 503 608
618 434 644 487 S.
672 432 832 488 Aurelii
861 433 1080 502 Augustini

273 649 306 694 se
331 629 492 706 dracones,
517 628 622 711 qualia
645 628 799 708 homines,
823 627 907 692 bella
930 632 1106 712 gesserunt.
1131 625 1193 692 Sed
1216 627 1424 710 praeuidebat

271 737 368 801 etiam
399 736 502 819 gratia
534 753 592 800 sun
619 736 773 818 populum
800 735 926 816 piorum
953 735 985 799 in
1013 733 1212 818 adoptionem
1241 733 1423 816 nouandum

176 851 182 860 '
270 842 475 925 remissisque
508 841 648 925 peccatis
680 840 889 906 iustificatum
920 839 1040 924 Spiritu
1073 844 1183 906 sancto
1216 841 1336 906 sanctis
1370 859 1422 904 an-

273 951 354 1036 gelis
390 951 422 1014 in
456 953 583 1015 aeterna
614 969 691 1031 pace
724 948 920 1026 sociandum,
952 947 1128 1013 nouissima
1158 947 1290 1012 inimica
1321 952 1424 1013 morte

272 1057 448 1135 destructa3
478 1057 529 1122 cui
556 1057 674 1140 populo
703 1060 788 1120 esset
815 1055 910 1120 buius
937 1055 984 1120 rei
1012 1055 1219 1120 consideratio
1243 1054 1422 1137 profutura,
1458 1076 1473 1114 s

272 1165 356 1248 quod
394 1183 429 1229 er
467 1183 528 1229 uno
562 1163 688 1228 bomIne
719 1163 807 1228 Deus
840 1161 879 1227 ad
912 1161 1195 1228 commendandum
1226 1162 1423 1232 bominibus,

272 1289 367 1356 quam
391 1272 419 1336 ei
444 1273 532 1356 grata
556 1271 599 1334 sit
622 1270 717 1334 etiam
740 1269 772 1335 in
796 1270 940 1352 pluribus
964 1270 1080 1348 unitas,
1105 1289 1205 1354 genus
1224 1269 1425 1335 instituisset

271 1379 455 1444 humanum.

700 1569 836 1636 CAPUT
860 1569 990 1634 XXIIII.

210 1789 216 1802 ,
271 1716 326 1779 De
358 1717 502 1780 natura
528 1715 724 1778 humanae
752 1712 905 1776 animae
935 1715 1096 1776 creatae
1125 1711 1170 1775 ad
1203 1711 1422 1796 imaginem
1445 1734 1473 1773 ro

806 1819 888 1883 Dei.
983 1855 987 1866 ‚

315 1963 406 2028 Fecit
424 1983 497 2046 ergo
514 1963 601 2027 Deus
621 1963 780 2027 bominem
799 1961 838 2026 ad
856 1961 1028 2045 imaginem
1049 1979 1149 2025 suam.
1174 1959 1284 2024 Talem
1303 1961 1421 2044 quippe

270 2071 319 2135 illi
352 2071 489 2135 animam
522 2069 652 2144 creauit,
686 2089 747 2151 qua
775 2088 830 2152 per
857 2069 1011 2133 rationem
1039 2067 1141 2150 adque
1168 2067 1420 2151 intellegentiam

272 2177 417 2242 omnibus
434 2181 519 2242 esset
533 2175 744 2259 praestantior
757 2175 945 2240 animalibus
961 2175 1165 2240 terrestribus
1183 2179 1215 2239 et
1232 2174 1422 2239 natatilibus

271 2287 304 2348 et
327 2284 521 2364 uolatilibus,
541 2303 620 2365 quae
643 2285 781 2348 mentem
801 2282 896 2346 huius
916 2283 1003 2346 modi
1021 2301 1082 2347 non
1101 2282 1262 2346 baberent.
1285 2281 1328 2345 ut
1346 2299 1421 2345 oum
1441 2308 1470 2348 ιε

272 2391 375 2454 uirum
401 2395 523 2455 terreno
546 2391 717 2454 formasset
740 2409 774 2453 er
793 2390 925 2470 puluere
945 2389 1036 2471 eique
1056 2389 1193 2454 animam
1211 2390 1337 2471 qualem
1357 2389 1422 2453 dixi

271 2499 341 2562 siue
360 2517 454 2579 quam
472 2498 535 2561 iam
554 2496 672 2562 fecerat
691 2495 845 2561 sufflando
865 2494 1035 2562 indidisset
1053 2497 1122 2560 siue
1136 2496 1243 2579 potius
1263 2495 1421 2560 sufflando

271 2603 402 2669 fecisset
430 2623 565 2686 eumque
592 2603 713 2680 flatum,
743 2623 837 2686 quem
865 2601 1020 2668 sufflando
1048 2603 1125 2668 feoit
1152 2603 1236 2688 (nom
1265 2602 1342 2686 quid
1370 2606 1423 2666 est

273 2710 359 2774 aliud
397 2710 524 2774 sufflare
557 2730 650 2792 quam
684 2711 794 2774 flatum
828 2710 974 2794 faceret),
1009 2711 1145 2775 animam
1177 2710 1315 2774 hominis
1348 2729 1422 2774 esse

272 2817 439 2890 uoluerat,
478 2817 573 2881 etiam
611 2817 780 2901 coniugem
811 2817 859 2881 illi
891 2817 922 2880 in
956 2816 1148 2882 adiutorium
1181 2815 1351 2901 generandi
1386 2837 1422 2882 ex
1443 2841 1473 2881 no

270 2923 340 2987 cius
372 2923 470 2986 latere
503 2941 573 2987 osse
607 2923 747 2988 detracto
776 2923 861 3000 fecit,
886 2927 923 2988 ut
951 2923 1049 2988 Deus.
1089 2921 1201 3005 Neque
1230 2924 1313 2987 enim
1341 2924 1422 2988 baec

271 3029 388 3093 carnali
421 3029 649 3094 consuetudine
677 3028 846 3113 oogitenda
873 3032 957 3106 sunt,
986 3031 1022 3092 ut
1050 3029 1158 3093 uidere
1186 3029 1327 3094 solemus
1355 3031 1423 3111 opi-

270 3137 347 3201 fices
385 3155 421 3200 er
457 3137 590 3200 materia
622 3155 821 3219 quacumque
853 3139 976 3200 terrena
1008 3135 1225 3218 corporalibus
1258 3135 1423 3202 membris,

271 3243 358 3324 quod
380 3244 456 3307 artis
475 3243 632 3307 industria
649 3244 821 3324 potuerint,
841 3244 1039 3308 fabricantes.
1064 3243 1179 3308 Manus
1199 3241 1257 3306 Dei
1279 3243 1424 3324 potentia

273 3349 332 3413 Dei
360 3352 419 3426 est,
450 3349 503 3432 qui
532 3333 798 3415 etiamuisibilia
825 3350 1030 3415 inuisibiliter
1058 3352 1213 3432 operatur.
1252 3348 1314 3414 Sed
1342 3350 1459 3416 haece

234 3440 236 3457 '
273 3456 417 3520 fabulosa
444 3457 551 3539 potius
580 3475 674 3538 quam
702 3475 777 3520 nera
805 3476 875 3521 esse
903 3457 1104 3534 arbitrantur,
1129 3456 1183 3538 qui
1207 3456 1359 3521 uirtutem
1386 3475 1425 3522 ac

272 3561 459 3644 sapientiam
491 3563 561 3640 Dei,
594 3582 657 3644 qua
688 3563 779 3629 nouit
812 3568 843 3628 et
874 3567 983 3646 potest
1014 3563 1109 3628 etiem
1143 3562 1210 3628 sine
1244 3563 1423 3628 seminibus

270 3667 341 3751 ipsa
365 3673 449 3732 certe
473 3669 575 3734 faeere
599 3671 729 3746 semine,
749 3691 785 3734 ox
803 3671 853 3736 his
873 3671 1002 3736 usitatis
1023 3673 1055 3734 et
1077 3669 1262 3734 cottidianis
1285 3669 1424 3736 metiun-

271 3777 323 3838 tur
352 3775 514 3857 ope1·ibus;
544 3797 580 3840 ea
603 3795 689 3854 uero,
715 3795 794 3858 quae
818 3778 965 3861 primitus
989 3778 1137 3842 instItuta
1161 3779 1245 3852 suunt,
1271 3777 1422 3859 quoniam

271 3902 332 3947 non
361 3886 525 3961 nouerant,
553 3883 721 3948 infideliter
749 3885 904 3968 cogitant;
934 3885 1025 3968 quasi
1047 3904 1109 3950 non
1133 3885 1210 3949 baec
1234 3884 1314 3967 ipsa,
1340 3903 1423 3966 quae
1446 3912 1475 3948 ³2

307 4071 521 4141 2adoplionet
574 4075 699 4126 desset
753 4074 853 4143 Scap.
873 4073 993 4128 XXIIlo
1050 4075 1082 4127 13
1101 4074 1143 4127 illi
1162 4091 1212 4128 om.
1229 4073 1251 4128 1¹
1308 4075 1343 4129 14
1362 4076 1424 4130 aui-

271 4161 367 4214 mabus
391 4161 416 4212 V
476 4161 509 4215 18
528 4177 695 4230 nemusque
714 4163 888 4217 adbominis
907 4164 989 4217 om.l
1052 4163 1086 4218 20
1105 4163 1247 4234 uoluisses,
1266 4167 1280 4217 t
1299 4181 1426 4228 erasme

272 4249 312 4317 in]
333 4249 397 4302 adt
469 4249 635 4304 adiutoriol
697 4252 810 4305 alost
873 4254 907 4306 at
926 4255 1074 4321 potnemnt
1093 4253 1151 4322 lpt
1204 4253 1239 4308 25
1258 4252 1314 4307 Dei
1332 4270 1386 4309 om.
1401 4272 1425 4324 p

272 4337 328 4406 qui]
350 4354 402 4406 qna
416 4356 438 4406 p
502 4339 534 4392 27
555 4340 661 4393 nobItt
725 4341 759 4394 28
778 4343 833 4394 ista
851 4342 939 4396 facere
958 4341 1057 4396 olomeo
1077 4345 1149 4396 cene
1162 4347 1207 4410 pt
1266 4343 1302 4398 29
1322 4359 1376 4405 uea
1402 4343 1428 4396 l'
