3072 4930
336 447 386 501 De
416 447 590 501 ciuitate
618 447 681 502 dei
708 447 773 504 lib.
802 447 834 500 V.
862 464 937 518 cap.
957 449 981 502 4.
1002 449 1027 504 5.
1191 451 1255 514 215

103 641 184 723 quid
208 641 261 706 hic
284 641 353 726 agit
374 645 444 734 rota
466 642 522 707 illa
540 641 641 726 figuli,
665 642 727 707 nisi
750 643 788 708 ut
809 642 952 708 homines
975 643 1100 707 luteum
1125 660 1179 708 cor
1200 643 1257 708 ha·

102 749 219 814 bentes
251 749 284 814 in
317 768 430 833 gyrum
462 751 638 828 mittantur,
675 769 713 814 ne
745 748 1042 814 mathematicorum
1073 749 1257 832 uaniloquia

103 855 358 922 conuincantur?

583 978 720 1045 CAPUT
744 979 783 1046 V.

75 1121 270 1201 aQuibus
302 1121 434 1187 modis
472 1122 770 1188 conuincantur
801 1119 1084 1186 mathematici
1115 1140 1255 1187 cranam

461 1229 679 1294 seientiam
701 1227 808 1312 profi
837 1227 903 1295 eri.

152 1369 237 1452 Quid
271 1369 355 1435 idem
388 1370 461 1456 ipsi,
500 1389 635 1454 quorum
666 1371 824 1448 morbum,
857 1369 941 1454 quod
974 1369 1084 1434 eodem
1117 1372 1257 1451 tempore

105 1478 235 1560 grarrior
252 1477 418 1560 leuiorque
438 1479 609 1562 apparebat
631 1479 806 1556 amborum,
830 1477 1060 1543 medicinaliter
1083 1476 1256 1560 inspiciens

104 1585 321 1668 Hippocrates
346 1584 488 1668 geminos
513 1585 694 1666 suspicatus
724 1588 783 1662 est,
812 1603 912 1649 nonne
941 1585 1020 1648 satis
1049 1583 1130 1648 istos
1153 1583 1256 1648 redar-

66 1719 88 1758 ιο
107 1693 222 1774 gaunt,
257 1691 312 1773 qui
344 1689 459 1756 uolunt
490 1691 649 1757 sideribus
674 1691 756 1768 dare,
791 1690 875 1773 quod
899 1689 936 1754 de
965 1709 1130 1774 corpomm
1158 1689 1258 1756 simili

104 1798 338 1880 temperatione
361 1797 531 1864 ueniebat?
578 1795 667 1876 Quur
695 1799 777 1864 enirn
807 1797 955 1864 similiter
979 1797 1153 1880 eodemque
1177 1801 1257 1861 tem·

105 1924 192 1988 pore,
225 1923 289 1970 non
313 1905 394 1969 alter
414 1903 510 1987 prior,
543 1904 623 1970 alter
650 1903 806 1988 posterior
830 1904 1044 1986 aegrotabant,
1079 1902 1164 1968 sicut
1191 1904 1258 1968 nati

105 2010 243 2089 fuerant,
268 2013 343 2094 quia
364 2010 476 2094 utique
493 2011 598 2075 simul
621 2010 709 2075 nasci
732 2011 824 2076 ambo
854 2029 916 2076 non
939 2012 1104 2094 poterant?
1141 2009 1206 2076 Aut
1230 2009 1258 2076 si

106 2118 186 2182 nibil
223 2117 377 2184 momenti
413 2117 540 2192 adtulit,
578 2119 615 2182 ut
650 2116 787 2183 diuersis
819 2116 1015 2200 temporibus
1048 2119 1257 2200 aegrotarent,

67 2251 89 2289 ιε
108 2223 194 2308 quod
213 2224 351 2289 diuersis
369 2224 566 2308 temporibus
587 2224 653 2288 nati
671 2227 760 2289 sunt:
785 2241 880 2306 quare
899 2225 1026 2306 tempus
1049 2223 1081 2286 in
1101 2221 1256 2288 nascendo

108 2331 273 2396 diuersum
307 2331 346 2396 ad
379 2331 510 2396 aliamm
543 2349 648 2395 rerum
678 2331 880 2394 diuersitates
907 2329 1015 2394 ualere
1044 2327 1257 2394 contendunt?

108 2437 198 2518 Quur
210 2441 387 2521 potuerunt
401 2437 534 2503 diuersis
549 2437 746 2521 temporibus
761 2436 963 2520 peregrinari,
983 2435 1117 2500 diuersis
1137 2438 1258 2518 tempo-

107 2545 195 2610 ribus
220 2544 337 2610 ducere
368 2563 492 2621 uxores,
526 2543 661 2609 diuersis
694 2541 891 2625 temporibus
923 2542 1007 2607 filios
1039 2559 1202 2624 procreare
1227 2543 1259 2604 et

109 2653 210 2716 multa
235 2652 307 2728 alia,
339 2653 507 2734 propterea
530 2651 604 2732 quia
628 2651 763 2715 diuersis
791 2648 989 2732 temporibus
1019 2649 1084 2712 nati
1108 2651 1192 2724 sunt,
1226 2649 1259 2710 et

68 2785 92 2826 ae
107 2777 166 2822 non
191 2761 368 2842 potuemnt
390 2758 499 2822 eadem
524 2776 621 2824 causa
644 2756 779 2822 diuersis
809 2757 903 2821 etiam
928 2755 1125 2838 temporibus
1150 2771 1257 2837 aegro·

108 2867 195 2930 tare?
245 2863 279 2930 Si
303 2863 388 2929 enim
411 2864 518 2947 dispar
540 2864 690 2930 nascendi
713 2883 802 2929 mora
823 2864 964 2928 mutauit
990 2863 1201 2943 horoscopum
1226 2862 1258 2924 et

109 2971 355 3055 disparilitatem
391 2971 501 3036 intulit
532 2971 645 3036 ceteris
678 2972 787 3036 rebus:
826 2991 907 3052 quur
938 2969 1020 3035 illud
1053 2969 1084 3032 in
1119 2967 1257 3050 aegritu·

110 3077 238 3142 dinibus
271 3078 398 3158 mansit,
432 3078 517 3160 quod
548 3078 686 3144 habebat
716 3078 748 3142 in
781 3076 934 3160 temporis
962 3073 1154 3158 aequalitate
1186 3092 1258 3137 con·

110 3187 245 3270 ceptus?
291 3184 357 3249 Aut
389 3185 416 3250 si
449 3185 514 3249 fata
546 3183 740 3250 ualetudinis
763 3183 796 3248 in
821 3185 976 3266 conceptu
1006 3184 1090 3260 sunt,
1124 3180 1257 3246 aliarum

71 3321 93 3360 a
109 3309 182 3356 uero
201 3311 309 3356 rerum
333 3292 363 3355 in
388 3295 458 3358 ertu
478 3309 548 3358 esse
568 3291 725 3369 dicuntur,
749 3310 810 3356 non
832 3289 982 3354 deberent
1000 3287 1153 3372 inspectis
1172 3289 1257 3351 nata·
1362 3377 1364 3381 ι

109 3396 188 3462 lium
223 3399 520 3464 constellationibus
554 3398 592 3462 de
625 3397 807 3462 ualetudine
842 3395 963 3479 aliquid
986 3396 1099 3476 dicere,
1133 3392 1256 3476 quando

110 3504 154 3569 eis
177 3503 374 3587 inspicienda
398 3505 644 3587 conceptionalis
667 3504 745 3569 hora
768 3523 829 3568 non
854 3503 956 3568 datur.
998 3502 1031 3568 Si
1056 3505 1162 3566 autem
1185 3498 1256 3564 ideo
1336 3565 1338 3569 .

110 3611 334 3692 praenuntiant
356 3613 570 3698 aegritudines
590 3633 650 3678 non
669 3612 813 3694 inspecto
834 3610 1050 3694 conceptionis
1070 3609 1256 3688 horoscopo,

111 3720 183 3800 quia
216 3717 357 3782 indicant
388 3738 441 3784 eas
471 3723 633 3785 momenta
661 3719 871 3783 nascentium:
907 3735 968 3800 quo
998 3715 1092 3781 modo
1117 3714 1258 3778 dicerent

73 3855 96 3896 a
111 3825 244 3890 cuilibet
267 3843 375 3891 eorum
399 3827 597 3910 geminorum
621 3845 656 3890 er
680 3824 859 3891 natiuitatis
883 3823 969 3902 hora,
1002 3821 1125 3906 quando
1150 3839 1257 3904 aegre-

146 4058 290 4114 'lmorbus
305 4077 355 4130 pu
374 4061 472 4116 Domb.
558 4063 590 4116 lb
610 4060 675 4132 quid
694 4077 721 4128 ες
740 4061 786 4130 qui
808 4059 842 4114 6²
924 4061 956 4114 16
976 4017 1257 4124 diuersiteti'sueie'm

112 4150 142 4203 21
172 4165 248 4203 mora
270 4149 582 4219 hOabdepqlcfra·
606 4153 699 4222 (liora,
714 4151 810 4219 prima
831 4150 923 4204 littera
941 4147 1082 4208 mutilata,
1100 4143 1141 4210 L,·
1162 4159 1208 4198 ora
1228 4159 1258 4208 ας

112 4237 176 4292 hora
194 4237 294 4294 Domb.
385 4239 595 4294 calatonem
674 4241 708 4294 24
727 4241 847 4308 inceptu,
868 4255 918 4292 con
936 4255 970 4291 m.
989 4241 1004 4290 1
1022 4232 1214 4304 superscripto,
1237 4229 1259 4282 C

11 4437 12 4440 Ν
112 4355 144 4408 ae
164 4354 280 4409 consen.
303 4353 354 4408 ca
407 4311 539 4410 ar'ae'n
594 4355 627 4410 aa
646 4356 755 4426 inpacto
778 4355 809 4410 οι
867 4355 902 4410 ao
920 4353 1028 4408 naeres.
1048 4349 1075 4404 a
