3136 4934
640 421 667 474 S.
691 421 847 475 Aurelii
876 421 1092 491 Augustini

765 615 901 682 CAPUT
925 614 961 681 V.

286 757 345 820 ¹De
371 757 590 836 sacrificiis,
620 777 713 839 quae
736 758 838 822 Deus
868 777 937 822 non
966 758 1137 840 requirit,
1168 757 1231 822 sed
1255 757 1299 820 ad
1324 757 1436 840 signi·

367 864 588 928 ficationem
614 883 738 928 eorum
766 865 897 930 offerri
921 863 1057 942 uoluit,
1082 883 1175 947 quae
1199 864 1373 946 requirit.

340 1007 419 1087 Quis
448 1012 554 1072 autern
577 1008 623 1072 ita
647 1007 791 1091 desipiat,
817 1012 853 1072 ut
876 1007 1036 1072 existimet
1059 1007 1218 1090 aliquibus
1245 1007 1359 1072 usibus
1383 1007 1435 1070 Dei

297 1133 367 1178 esse
400 1116 585 1191 necessarie,
620 1135 699 1197 quae
731 1116 761 1178 in
797 1114 959 1180 sacrificiis
992 1113 1185 1178 offeruntur?
1244 1111 1336 1191 Quod
1369 1133 1472 1178 cums
1545 1145 1546 1200 3

294 1221 404 1285 multis
434 1221 513 1285 locis
539 1221 646 1285 diuina
679 1221 836 1304 scriptura
867 1223 1013 1298 testetur,
1046 1240 1084 1284 ne
1111 1218 1244 1304 longum
1274 1220 1435 1298 faciamos,

293 1327 390 1391 breue
409 1327 490 1391 illud
509 1327 547 1391 de
562 1329 686 1409 psalmo
706 1346 950 1392 commemorare
970 1327 1142 1391 suffecerit:
1158 1326 1248 1390 Dixi
1264 1327 1435 1404 Domino,

296 1434 404 1498 Deus
435 1453 545 1498 meus
571 1454 610 1499 es
634 1437 687 1510 tu,
723 1435 912 1516 quoniam
941 1435 1133 1498 bonorum
1162 1453 1338 1498 meorum
1368 1455 1435 1498 non

295 1559 395 1624 eges.
420 1539 489 1604 Non
515 1540 618 1604 solum
642 1539 743 1625 igitur
764 1559 876 1622 pecore
904 1541 957 1603 uel
981 1539 1123 1622 qualibet
1146 1539 1207 1604 alia
1230 1560 1264 1604 re
1289 1541 1435 1622 corrupti·

295 1648 351 1712 bili
377 1648 478 1729 adque
502 1650 634 1724 terrena,
660 1645 715 1710 sed
739 1666 777 1710 ne
800 1647 870 1729 ipsa
893 1647 1019 1729 quidem
1044 1647 1167 1710 iustitia
1190 1645 1329 1711 hominis
1355 1647 1434 1711 Dens
1452 1671 1473 1712 ιο
1545 1663 1546 1730 j

296 1773 387 1837 egere
411 1753 584 1818 credendus
614 1757 672 1830 est,
704 1756 872 1834 totumque
902 1753 984 1836 quod
1014 1757 1099 1818 recte
1129 1753 1244 1817 colitur·
1271 1754 1359 1817 Dens
1387 1755 1435 1817 lro-
1545 1779 1546 1810 ³

296 1861 372 1924 mini
390 1859 550 1944 prodesse,
570 1880 630 1924 non
650 1860 727 1925 Deo.
752 1859 862 1941 Neque
882 1861 965 1923 enim
985 1860 1065 1923 fonti
1089 1880 1122 1924 se
1142 1861 1309 1943 qnisquam
1330 1860 1437 1924 dixerit

297 1967 505 2043 consuluisse,
530 1966 556 2030 si
580 1967 709 2042 biberit;
735 1970 790 2030 aut
812 1968 887 2046 luci,
913 1967 939 2031 si
965 1967 1090 2032 uiderit.
1127 1966 1193 2032 Nec
1217 1967 1303 2049 quod
1326 1968 1365 2032 ab
1389 1987 1436 2030 an-

295 2075 393 2156 tiquis
417 2074 560 2155 patribus
584 2074 645 2137 alia
673 2073 827 2138 sacrificia
849 2074 933 2138 facta
956 2077 1031 2138 sont
1058 2075 1088 2137 in
1114 2074 1256 2139 uictimis
1278 2093 1436 2158 pecorum,
1545 2083 1546 2108 ¹

297 2200 376 2264 quae
399 2200 482 2245 nuno
505 2180 565 2243 Dei
587 2180 723 2262 populus
747 2178 836 2264 legit,
869 2200 929 2245 non
957 2180 1042 2255 fecit,
1078 2179 1163 2243 aliud
1190 2179 1435 2264 intellegendum
1453 2202 1473 2242 a
1545 2171 1546 2182 ’

297 2291 355 2364 est,
388 2287 449 2351 nisi
473 2287 566 2351 rebus
589 2287 654 2349 illis
680 2306 731 2351 eas
755 2306 804 2351 res
827 2287 929 2351 fuisse
957 2287 1161 2372 significatas,
1196 2307 1276 2370 quae
1305 2289 1437 2370 agontur
1545 2317 1546 2320 ¹

295 2395 327 2458 in
359 2393 460 2471 nobis,
495 2393 532 2458 ad
562 2393 623 2458 hoc
653 2397 690 2457 ut
719 2394 937 2458 inhaereamus
967 2394 1033 2459 Deo
1067 2398 1098 2457 et
1126 2394 1164 2458 ed
1189 2394 1323 2458 eundem
1347 2392 1434 2456 finem

297 2500 435 2584 proximo
461 2501 673 2566 consulamus.
700 2500 894 2564 Sacrificium
915 2519 989 2584 ergo
1009 2501 1136 2565 uisibile
1155 2501 1328 2566 inuisibilis
1348 2499 1435 2566 sacri-

296 2607 360 2671 fioii
384 2609 624 2680 sacramentum,
648 2606 681 2669 id
705 2611 755 2671 est
778 2625 902 2671 sacrum
928 2608 1053 2690 signum
1079 2611 1137 2671 est.
1176 2608 1267 2673 Unde
1292 2607 1346 2671 ille
1370 2625 1435 2690 pae-

297 2715 400 2778 nitens
438 2717 516 2796 aput
550 2715 735 2796 prophetam
774 2714 826 2777 uel
866 2715 935 2796 ipse
968 2715 1120 2798 propheta
1152 2734 1305 2796 quaerens
1339 2714 1472 2778 Deumso
1545 2793 1546 2812 1

297 2821 437 2905 peccatis
458 2821 524 2884 suis
541 2821 654 2884 habere
674 2821 860 2904 propitium:
883 2819 923 2884 Si
943 2821 1166 2899 uoluisses,
1186 2821 1300 2904 inquit,
1322 2820 1432 2886 sacri·
1545 2865 1546 2880 ,

297 2929 450 3002 ficium,
485 2927 690 2992 dedissem
723 2927 881 3009 utique;
918 2927 1179 2993 holocaustis
1211 2948 1284 2993 non
1314 2929 1432 2991 deleo·
1545 2917 1546 2994 J

298 3035 467 3100 laberis.
498 3033 761 3098 Sacrificium
795 3034 875 3098 Deo
910 3034 1086 3117 spiritus
1116 3034 1431 3100 contribulatus:

300 3161 365 3208 cor
402 3142 625 3206 contritum
660 3144 698 3205 et
730 3141 994 3205 humiliatum
1017 3141 1124 3205 Dens
1157 3161 1230 3206 non
1263 3143 1432 3223 spernet.
1545 3161 1546 3200 3

298 3247 480 3312 intueamur
500 3267 593 3329 quem
617 3247 655 3310 ad
679 3247 818 3322 modum,
844 3248 900 3311 ubi
919 3248 1022 3311 Deum
1042 3246 1120 3310 dixit
1138 3247 1223 3310 nolle
1242 3246 1434 3311 sacrificium,
1450 3265 1471 3306 a

298 3355 342 3418 ibi
374 3355 477 3418 Deum
511 3354 650 3419 ostendit
680 3353 765 3418 uelle
799 3354 998 3420 sacrificinm.
1041 3354 1111 3418 Non
1142 3355 1215 3418 uult
1245 3373 1319 3436 ergo
1349 3351 1435 3418 saeri-
1545 3387 1546 3410 r

390 3563 405 3615 7
425 3561 467 3617 Ps.
489 3565 531 3626 15,
550 3563 566 3614 2
621 3564 654 3616 21
674 3563 718 3617 Ps.
739 3562 781 3628 50,
803 3563 835 3616 19
854 3580 892 3632 sq.

337 3702 352 3754 3
372 3701 461 3755 offerri
479 3703 540 3772 Oq;
557 3703 651 3757 referri
670 3703 714 3756 uel
734 3704 822 3757 offerri
834 3721 869 3772 p,·
888 3703 1024 3757 obseruari
1042 3703 1171 3758 oDonrb.
1226 3707 1242 3759 6
1261 3707 1381 3758 testatur
1393 3703 1439 3757 b²o
1545 3731 1546 3778 3

302 3789 381 3859 ide]
403 3791 463 3844 ine
547 3808 606 3845 cum
626 3809 797 3845 commemo
869 3795 1002 3862 9pecora
1020 3791 1065 3846 uel
1083 3791 1223 3862 quaelibet
1240 3793 1294 3846 alia
1313 3793 1438 3863 corrupti·
1545 3779 1546 3814 ³

299 3879 367 3932 bilia
386 3883 467 3949 atque
484 3883 592 3934 terrena
607 3881 636 3949 b,·
655 3881 797 3950 pecoribus
811 3880 856 3934 uel
870 3881 1038 3951 quibuslibet
1052 3881 1112 3934 aliis
1127 3881 1348 3950 corruptibilibus
1363 3887 1439 3951 atque

299 3968 414 4021 terrenis
435 3985 453 4021 a
518 3967 552 4022 10
569 3985 619 4022 nec
638 3986 656 4022 a
723 3970 753 4023 ll
774 3969 841 4023 deus
860 3970 959 4022 colitur
978 3987 997 4022 a
1052 3969 1084 4022 13
1103 3969 1270 4024 consuluisse
1288 3985 1365 4036 mea.;
1383 3985 1439 4039 pro·

301 4055 418 4109 fuisseo
482 4073 549 4110 nea
604 4059 637 4111 14
656 4058 710 4111 alia
728 4075 806 4125 aare
823 4059 923 4112 taliae
977 4061 1069 4128 sintp
1123 4060 1151 4112 in
1170 4075 1254 4116 onae
1311 4061 1343 4114 18
1361 4059 1439 4113 saeri-

301 4145 355 4198 ficii
374 4161 424 4198 om.
446 4145 475 4198 c¹
542 4147 576 4199 22
596 4147 742 4200 olocaustis
763 4146 830 4200 αῑὸι
895 4150 929 4202 23
949 4149 1145 4202 contribulatus
1166 4165 1296 4216 cepara-
1313 4149 1440 4204 contritus

302 4233 540 4298 blabeomo.
614 4237 648 4288 24
676 4237 811 4305 spernite
883 4239 916 4291 25
942 4238 1080 4291 intuemur
1098 4237 1167 4290 o¹b¹
1247 4238 1281 4290 26
1306 4237 1346 4292 ibi
1365 4237 1439 4292 deunr

302 4319 424 4373 ostendit
442 4322 512 4374 uelle
531 4323 618 4376 sacrif.
638 4340 689 4379 om.
709 4325 736 4377 bl
