3136 4928
294 443 359 506 556
648 439 674 492 S.
703 437 858 492 Aurelii
886 436 1102 506 Augustini

293 653 350 700 nee
378 633 478 700 futuri
507 636 583 698 sunt
610 631 797 712 desertores,
824 633 907 698 inter
933 651 1014 716 quos
1043 639 1075 697 et
1096 631 1181 713 illos,
1205 630 1260 714 qui
1284 635 1441 696 aeternam

292 741 398 806 lucem
432 739 611 806 deserentes
643 739 790 806 tenebrae
821 739 899 804 facti
931 741 1016 817 sunt,
1045 737 1148 803 Deum
1181 737 1331 824 primitus
1364 737 1442 802 diui·
1556 763 1557 792 1

293 848 375 912 sisse
403 848 465 912 iarn
496 847 642 924 diximus,
670 847 726 912 illo
755 845 926 912 adiuuante
955 844 1041 929 quod
1068 845 1232 930 coepimus
1263 847 1300 910 ut
1331 863 1442 929 possu-

293 974 366 1020 mus
390 955 594 1038 explicemus,

709 1144 847 1214 error
869 1145 1032 1212 xxvrrrr.
1469 1169 1479 1206 ⁵

295 1288 349 1352 De
377 1291 610 1354 sanctorum
636 1289 871 1372 angelorum
897 1288 1084 1366 seientia,
1110 1307 1185 1372 qua
1208 1287 1440 1354 trinitatem
1556 1265 1557 1350 l

293 1394 333 1460 in
360 1393 451 1482 ipsa
479 1394 566 1480 eius
596 1394 752 1460 deitate
781 1398 983 1460 mouerunt
1011 1397 1050 1459 et
1072 1413 1148 1478 qua
1171 1411 1334 1476 operum
1360 1413 1441 1460 cau·
1556 1411 1557 1472 ξ

294 1521 359 1566 ses
384 1501 499 1586 prius
524 1500 562 1565 in
587 1502 797 1585 operantis
821 1505 906 1566 arte
930 1521 1046 1585 quam
1064 1502 1103 1566 in
1121 1501 1226 1584 ipsis
1247 1502 1440 1584 operibus
1556 1489 1557 1538 l

652 1607 837 1674 artificis
860 1609 1087 1676 intuentur.

338 1750 391 1814 1111
427 1750 544 1834 quippe
581 1751 685 1834 angeli
722 1751 822 1815 sancti
854 1769 915 1815 non
947 1770 1002 1834 per
1033 1750 1131 1814 uerba
1161 1749 1307 1816 sonantia
1339 1751 1439 1814 Deum
1457 1773 1479 1812 10

293 1857 430 1934 diseunt,
459 1857 516 1922 sed
542 1857 723 1939 peripsam
746 1856 956 1941 praesentiam
978 1856 1178 1921 inmutabilis
1201 1856 1362 1934 ueritatis,
1384 1857 1440 1922 hoc

293 1969 343 2030 est
361 1964 499 2030 Verbum
529 1965 597 2030 eiua
620 1966 831 2049 unigenitum,
856 1967 888 2030 et
910 1965 1017 2048 ipsum
1036 1964 1178 2029 Verbum
1201 1967 1235 2028 et
1255 1963 1386 2028 Patrem
1411 1965 1441 2026 et

292 2089 399 2135 eorum
416 2069 571 2153 Spiritum
590 2075 746 2153 sanetum,
763 2091 895 2155 eamque
915 2091 985 2136 esse
1003 2070 1246 2155 inseparabilem
1265 2070 1440 2135 trinitatem

292 2177 499 2261 singulasque
522 2178 553 2242 in
578 2197 616 2243 ea
636 2197 788 2261 personas
812 2197 882 2244 esse
906 2178 1128 2255 substantiam,
1152 2180 1186 2243 et
1207 2180 1314 2242 tamen
1335 2195 1439 2242 omues

294 2303 355 2348 non
386 2287 452 2349 tres
481 2285 558 2350 deos
586 2303 666 2362 esse,
699 2284 755 2349 sed
782 2304 882 2350 unum
909 2284 1025 2354 Deum.
1057 2285 1103 2349 ita
1130 2288 1299 2362 nouerunt,
1333 2287 1373 2348 nt
1397 2284 1439 2348 eie
1456 2303 1478 2344 2⁵

293 2390 396 2474 magis
420 2391 492 2470 ista,
517 2409 611 2474 quam
633 2411 692 2456 nos
714 2391 777 2475 ipsi
799 2391 890 2456 nobis
913 2391 1033 2476 cogniti
1057 2392 1168 2456 simus.
1187 2391 1296 2474 Ipsam
1316 2409 1438 2474 qnoque

293 2500 468 2562 creaturam
496 2497 611 2562 melius
638 2497 694 2576 ibi,
722 2497 783 2564 hoe
811 2497 918 2564 estin
947 2498 1105 2581 sapientia
1126 2497 1198 2574 Dei,
1215 2501 1386 2580 tamquam
1409 2497 1440 2562 in

292 2607 370 2682 arte,
399 2623 461 2686 qua
488 2604 573 2668 faeta
600 2608 659 2682 est,
687 2621 783 2686 quam
810 2603 842 2668 in
871 2623 907 2668 ea
933 2603 1004 2686 ipsa
1032 2604 1152 2678 sciunt;
1182 2621 1218 2668 ae
1245 2621 1302 2687 per
1326 2604 1387 2670 hoc
1410 2607 1441 2668 et

293 2729 327 2774 se
354 2710 442 2792 ipsos
470 2710 514 2775 ibi
542 2709 657 2776 melius
686 2730 780 2792 quam
803 2710 836 2774 in
860 2729 894 2776 se
917 2710 1007 2792 ipsis,
1030 2730 1144 2776 uerum
1166 2714 1271 2774 tamen
1295 2712 1331 2774 et
1351 2711 1384 2774 in
1407 2729 1440 2774 se

291 2816 381 2898 ipsis.
418 2815 509 2880 Facti
532 2821 607 2881 sunt
630 2816 712 2881 enim
737 2820 770 2880 et
792 2815 879 2880 aliud
903 2819 979 2881 sunt
1001 2834 1098 2898 quam,
1117 2815 1173 2880 ille
1197 2814 1252 2898 qui
1274 2815 1361 2880 feeit.
1392 2814 1439 2880 lbi
1455 2836 1479 2876 ro

292 2941 366 3005 ergo
394 2926 557 3005 tamquam
585 2924 616 2987 in
646 2923 757 2987 diurna
784 2923 973 3008 cognitione,
1000 2923 1033 2987 in
1061 2941 1096 2987 se
1123 2922 1203 3005 ipsis
1230 2927 1339 2986 antem
1363 2925 1439 2988 tam-

292 3047 387 3112 quam
413 3029 446 3093 in
474 3032 666 3112 uespertina‚
691 3031 775 3095 sicut
798 3031 861 3095 iam
885 3048 982 3113 snpra
1004 3029 1150 3094 diximus.
1191 3029 1333 3094 Multum
1358 3030 1439 3094 enirn

290 3135 404 3216 differt,
440 3139 549 3202 utrum
582 3138 613 3201 in
648 3156 684 3202 ea
716 3139 837 3202 ratione
868 3139 1079 3221 cognoscatur
1108 3135 1239 3217 aliquid,
1264 3135 1438 3201 seeundum

291 3263 386 3324 quam
413 3243 534 3309 factum
558 3247 617 3322 est,
641 3265 679 3309 an
702 3245 735 3308 in
760 3263 795 3309 se
817 3244 903 3327 ipso3
933 3244 1019 3309 sicut
1041 3243 1133 3308 aliter
1156 3243 1257 3308 scitur
1278 3242 1438 3308 rectitudo

288 3349 444 3416 linearum
478 3369 535 3415 seu
567 3351 686 3416 ueritas
718 3349 902 3434 figurarum,
937 3367 1009 3434 eum
1041 3349 1205 3414 intellecta
1231 3349 1437 3432 conspicitur,
1454 3367 1478 3407 s

290 3457 382 3520 aliter
412 3475 485 3522 oum
512 3457 544 3522 in
572 3457 705 3540 puluere
734 3457 896 3533 scribitur;
927 3461 960 3522 et
986 3456 1078 3522 aliter
1099 3456 1225 3520 iustitia
1247 3456 1279 3520 in
1302 3456 1437 3522 ueritate

378 3717 412 3771 22
432 3719 488 3772 el

326 3893 443 3948 liutnri
462 3897 571 3948 ernntt
643 3893 701 3963 qui]
722 3894 817 3962 quint
871 3893 1070 3964 3e1plioemus
1089 3895 1121 3946 ut
1138 3897 1314 3962 pessumdat
1374 3893 1435 3946 ‘let

288 3998 339 4036 om.
353 3999 376 4051 p
439 3983 473 4036 14
492 3987 567 4036 east
639 3997 698 4036 esse
717 3981 899 4036 substantiam
924 3981 968 4035 Vt
974 3987 1058 4053 ptem
1075 3998 1156 4036 unam
1175 3997 1235 4035 ease
1254 3979 1436 4035 snbstarrtiam

288 4085 306 4122 a
317 4069 332 4123 b
343 4088 369 4136 e,·
389 4087 447 4125 esse
467 4086 547 4124 unam
567 4055 683 4125 rubeto
740 4071 772 4124 15
792 4087 851 4125 esse
866 4069 959 4126 deese
1014 4072 1046 4125 lt
1060 4071 1144 4124 simus
1162 4067 1332 4139 Vo²etpq
1345 4085 1434 4123 eumne

287 4156 369 4212 ab¹o
434 4157 467 4212 18
486 4158 576 4212 noiant
599 4157 633 4212 V¹
698 4157 733 4213 20
752 4159 798 4227 qui
817 4175 901 4214 om.e
955 4159 987 4213 21
1007 4159 1035 4212 in
1054 4175 1105 4213 om.
1124 4158 1148 4211 t¹
1220 4157 1434 4229 cognitionemt

286 4247 314 4298 in
334 4263 411 4315 oogrr.
432 4244 536 4300 diune
618 4251 708 4302 autern
726 4263 785 4318 orep.
807 4247 904 4302 tter
967 4249 1001 4302 22
1019 4248 1048 4301 in
1068 4247 1281 4316 uespertinamt
1354 4263 1432 4316 supra

285 4332 375 4387 ieme
430 4335 466 4388 24
484 4335 577 4404 quam]
598 4335 701 4405 quodt
771 4335 845 4406 ipsos
869 4335 896 4388 V
964 4335 1104 4390 11111117Ι
