<?xml version="1.0" encoding="UTF-8"?>
<!DOCTYPE html PUBLIC "-//W3C//DTD XHTML 1.0 Transitional//EN"
    "http://www.w3.org/TR/xhtml1/DTD/xhtml1-transitional.dtd">
<html xmlns="http://www.w3.org/1999/xhtml" xml:lang="en" lang="en">
 <head>
  <title>
</title>
<meta http-equiv="Content-Type" content="text/html;charset=utf-8" />
  <meta name='ocr-system' content='tesseract 3.04.00' />
  <meta name='ocr-capabilities' content='ocr_page ocr_carea ocr_par ocr_line ocrx_word'/>
</head>
<body>
  <div class='ocr_page' id='page_1' title='image "./corpusscriptoru20wiengoog_0622.png"; bbox 0 0 3164 4932; ppageno 0'>
   <div class='ocr_carea' id='block_1_1' title="bbox 376 439 1289 508">
    <p class='ocr_par' dir='ltr' id='par_1_1' title="bbox 376 439 1289 508">
     <span class='ocr_line' id='line_1_1' title="bbox 376 439 1289 508; baseline 0.004 -16"><span class='ocrx_word' id='word_1_1' title='bbox 376 441 423 492; x_wconf 86' lang='lat' dir='ltr'>lle</span> <span class='ocrx_word' id='word_1_2' title='bbox 453 441 627 492; x_wconf 85' lang='lat' dir='ltr'>ciuitate</span> <span class='ocrx_word' id='word_1_3' title='bbox 656 439 716 492; x_wconf 90' lang='lat' dir='ltr'>dei</span> <span class='ocrx_word' id='word_1_4' title='bbox 745 439 1061 508; x_wconf 80' lang='lat' dir='ltr'>lib.x11.cap.1o.</span> <span class='ocrx_word' id='word_1_5' title='bbox 1229 445 1289 506; x_wconf 80' lang='lat'>591</span> 
     </span>
    </p>
   </div>
   <div class='ocr_carea' id='block_1_2' title="bbox 596 635 842 700">
    <p class='ocr_par' dir='ltr' id='par_1_2' title="bbox 596 635 842 700">
     <span class='ocr_line' id='line_1_2' title="bbox 596 635 842 700; baseline 0.004 -1"><span class='ocrx_word' id='word_1_6' title='bbox 596 635 733 699; x_wconf 81' lang='lat' dir='ltr'><strong>CAPUT</strong></span> <span class='ocrx_word' id='word_1_7' title='bbox 758 635 842 700; x_wconf 84' lang='lat' dir='ltr'>XVI.</span> 
     </span>
    </p>
   </div>
   <div class='ocr_carea' id='block_1_3' title="bbox 109 778 1293 1182">
    <p class='ocr_par' dir='ltr' id='par_1_3' title="bbox 109 778 1293 1073">
     <span class='ocr_line' id='line_1_3' title="bbox 109 778 1292 862; baseline -0.003 -18"><span class='ocrx_word' id='word_1_8' title='bbox 109 857 113 862; x_wconf 23' lang='grc'>1</span> <span class='ocrx_word' id='word_1_9' title='bbox 146 783 199 844; x_wconf 80' lang='lat' dir='ltr'>An</span> <span class='ocrx_word' id='word_1_10' title='bbox 225 783 269 843; x_wconf 86' lang='lat' dir='ltr'>ut</span> <span class='ocrx_word' id='word_1_11' title='bbox 292 779 399 844; x_wconf 85' lang='lat' dir='ltr'>Deus</span> <span class='ocrx_word' id='word_1_12' title='bbox 425 799 582 861; x_wconf 81' lang='lat' dir='ltr'>semper</span> <span class='ocrx_word' id='word_1_13' title='bbox 609 779 728 843; x_wconf 90' lang='lat' dir='ltr'>etiam</span> <span class='ocrx_word' id='word_1_14' title='bbox 760 779 943 843; x_wconf 87' lang='lat' dir='ltr'>dominus</span> <span class='ocrx_word' id='word_1_15' title='bbox 971 779 1103 842; x_wconf 83' lang='lat' dir='ltr'>fuisse</span> <span class='ocrx_word' id='word_1_16' title='bbox 1132 778 1292 841; x_wconf 83' lang='lat' dir='ltr'>intelle-</span> 
     </span>
     <span class='ocr_line' id='line_1_4' title="bbox 146 885 1291 970; baseline -0.003 -20"><span class='ocrx_word' id='word_1_17' title='bbox 146 889 278 970; x_wconf 78' lang='lat' dir='ltr'>gatur,</span> <span class='ocrx_word' id='word_1_18' title='bbox 304 885 544 950; x_wconf 88' lang='lat' dir='ltr'>credendum</span> <span class='ocrx_word' id='word_1_19' title='bbox 571 886 627 949; x_wconf 84' lang='lat' dir='ltr'>sit</span> <span class='ocrx_word' id='word_1_20' title='bbox 651 889 875 949; x_wconf 85' lang='lat' dir='ltr'>creaturam</span> <span class='ocrx_word' id='word_1_21' title='bbox 901 903 1057 966; x_wconf 88' lang='lat' dir='ltr'>quoque</span> <span class='ocrx_word' id='word_1_22' title='bbox 1082 903 1291 966; x_wconf 85' lang='lat' dir='ltr'>numquam</span> 
     </span>
     <span class='ocr_line' id='line_1_5' title="bbox 145 991 1293 1073; baseline -0.003 -19"><span class='ocrx_word' id='word_1_23' title='bbox 145 993 331 1057; x_wconf 76' lang='lat' dir='ltr'><strong>defuisse</strong></span> <span class='ocrx_word' id='word_1_24' title='bbox 372 994 436 1057; x_wconf 88' lang='lat' dir='ltr'>oui</span> <span class='ocrx_word' id='word_1_25' title='bbox 474 993 759 1068; x_wconf 78' lang='lat' dir='ltr'>dominaretur,</span> <span class='ocrx_word' id='word_1_26' title='bbox 799 995 836 1054; x_wconf 89' lang='lat' dir='ltr'>et</span> <span class='ocrx_word' id='word_1_27' title='bbox 874 1011 947 1073; x_wconf 90' lang='lat' dir='ltr'>quo</span> <span class='ocrx_word' id='word_1_28' title='bbox 985 991 1097 1055; x_wconf 91' lang='lat' dir='ltr'>modo</span> <span class='ocrx_word' id='word_1_29' title='bbox 1133 991 1293 1055; x_wconf 90' lang='lat' dir='ltr'>dicatur</span> 
     </span>
    </p>

    <p class='ocr_par' dir='ltr' id='par_1_4' title="bbox 113 1099 1290 1182">
     <span class='ocr_line' id='line_1_6' title="bbox 113 1099 1290 1182; baseline -0.003 -20"><span class='ocrx_word' id='word_1_30' title='bbox 113 1119 304 1182; x_wconf 84' lang='lat' dir='ltr'>asemper</span> <span class='ocrx_word' id='word_1_31' title='bbox 328 1103 509 1163; x_wconf 89' lang='lat' dir='ltr'>creatum</span> <span class='ocrx_word' id='word_1_32' title='bbox 534 1099 638 1182; x_wconf 91' lang='lat' dir='ltr'>quod</span> <span class='ocrx_word' id='word_1_33' title='bbox 662 1099 743 1162; x_wconf 93' lang='lat' dir='ltr'>dici</span> <span class='ocrx_word' id='word_1_34' title='bbox 767 1118 840 1162; x_wconf 93' lang='lat' dir='ltr'>non</span> <span class='ocrx_word' id='word_1_35' title='bbox 865 1101 1004 1180; x_wconf 88' lang='lat' dir='ltr'>potest</span> <span class='ocrx_word' id='word_1_36' title='bbox 1025 1100 1290 1162; x_wconf 86' lang='lat' dir='ltr'>coaeternum.</span> 
     </span>
    </p>
   </div>
   <div class='ocr_carea' id='block_1_4' title="bbox 98 1227 1294 3778">
    <p class='ocr_par' dir='ltr' id='par_1_5' title="bbox 98 1227 1294 3669">
     <span class='ocr_line' id='line_1_7' title="bbox 190 1227 1292 1325; baseline -0.003 -20"><span class='ocrx_word' id='word_1_37' title='bbox 190 1243 256 1325; x_wconf 74' lang='lat' dir='ltr'>llgo</span> <span class='ocrx_word' id='word_1_38' title='bbox 294 1242 422 1325; x_wconf 89' lang='lat' dir='ltr'>quidem</span> <span class='ocrx_word' id='word_1_39' title='bbox 459 1243 544 1306; x_wconf 86' lang='lat' dir='ltr'>sicut</span> <span class='ocrx_word' id='word_1_40' title='bbox 575 1241 748 1306; x_wconf 86' lang='lat' dir='ltr'>Dominum</span> <span class='ocrx_word' id='word_1_41' title='bbox 782 1241 883 1304; x_wconf 91' lang='lat' dir='ltr'>Deum</span> <span class='ocrx_word' id='word_1_42' title='bbox 923 1240 1091 1322; x_wconf 91' lang='lat' dir='ltr'>aliquando</span> <span class='ocrx_word' id='word_1_43' title='bbox 1130 1227 1292 1304; x_wconf 85' lang='lat' dir='ltr'>dominum</span> 
     </span>
     <span class='ocr_line' id='line_1_8' title="bbox 144 1346 1292 1428; baseline -0.003 -16"><span class='ocrx_word' id='word_1_44' title='bbox 144 1368 204 1412; x_wconf 89' lang='lat' dir='ltr'>non</span> <span class='ocrx_word' id='word_1_45' title='bbox 238 1350 339 1413; x_wconf 81' lang='lat' dir='ltr'>fnisse</span> <span class='ocrx_word' id='word_1_46' title='bbox 373 1349 476 1413; x_wconf 85' lang='lat' dir='ltr'>dicere</span> <span class='ocrx_word' id='word_1_47' title='bbox 508 1368 569 1412; x_wconf 91' lang='lat' dir='ltr'>non</span> <span class='ocrx_word' id='word_1_48' title='bbox 598 1349 708 1426; x_wconf 88' lang='lat' dir='ltr'>audeo,</span> <span class='ocrx_word' id='word_1_49' title='bbox 737 1349 781 1412; x_wconf 90' lang='lat' dir='ltr'>ita</span> <span class='ocrx_word' id='word_1_50' title='bbox 809 1346 969 1411; x_wconf 89' lang='lat' dir='ltr'>hominem</span> <span class='ocrx_word' id='word_1_51' title='bbox 999 1366 1169 1428; x_wconf 87' lang='lat' dir='ltr'>numquam</span> <span class='ocrx_word' id='word_1_52' title='bbox 1202 1349 1292 1410; x_wconf 89' lang='lat' dir='ltr'>antea</span> 
     </span>
     <span class='ocr_line' id='line_1_9' title="bbox 143 1455 1292 1538; baseline -0.004 -19"><span class='ocrx_word' id='word_1_53' title='bbox 143 1455 244 1519; x_wconf 85' lang='lat' dir='ltr'>fuisse</span> <span class='ocrx_word' id='word_1_54' title='bbox 273 1458 305 1518; x_wconf 90' lang='lat' dir='ltr'>et</span> <span class='ocrx_word' id='word_1_55' title='bbox 329 1475 364 1518; x_wconf 84' lang='lat' dir='ltr'>en</span> <span class='ocrx_word' id='word_1_56' title='bbox 389 1455 523 1538; x_wconf 90' lang='lat' dir='ltr'>quodam</span> <span class='ocrx_word' id='word_1_57' title='bbox 546 1459 689 1536; x_wconf 82' lang='lat' dir='ltr'>tempore</span> <span class='ocrx_word' id='word_1_58' title='bbox 712 1456 848 1537; x_wconf 90' lang='lat' dir='ltr'>primum</span> <span class='ocrx_word' id='word_1_59' title='bbox 873 1455 1034 1518; x_wconf 89' lang='lat' dir='ltr'>hominem</span> <span class='ocrx_word' id='word_1_60' title='bbox 1059 1456 1197 1517; x_wconf 88' lang='lat' dir='ltr'>creatum</span> <span class='ocrx_word' id='word_1_61' title='bbox 1223 1471 1292 1516; x_wconf 84' lang='lat' dir='ltr'>esne</span> 
     </span>
     <span class='ocr_line' id='line_1_10' title="bbox 145 1560 1294 1644; baseline -0.003 -20"><span class='ocrx_word' id='word_1_62' title='bbox 145 1561 289 1626; x_wconf 86' lang='lat' dir='ltr'>dubitare</span> <span class='ocrx_word' id='word_1_63' title='bbox 310 1581 369 1626; x_wconf 95' lang='lat' dir='ltr'>non</span> <span class='ocrx_word' id='word_1_64' title='bbox 392 1562 501 1626; x_wconf 85' lang='lat' dir='ltr'>debeo.</span> <span class='ocrx_word' id='word_1_65' title='bbox 527 1561 589 1626; x_wconf 88' lang='lat' dir='ltr'>Sed</span> <span class='ocrx_word' id='word_1_66' title='bbox 608 1581 680 1625; x_wconf 90' lang='lat' dir='ltr'>oum</span> <span class='ocrx_word' id='word_1_67' title='bbox 701 1561 805 1644; x_wconf 86' lang='lat' dir='ltr'>cogito</span> <span class='ocrx_word' id='word_1_68' title='bbox 826 1561 918 1624; x_wconf 83' lang='lat' dir='ltr'>cuiue</span> <span class='ocrx_word' id='word_1_69' title='bbox 938 1562 983 1624; x_wconf 87' lang='lat' dir='ltr'>rei</span> <span class='ocrx_word' id='word_1_70' title='bbox 1003 1560 1149 1624; x_wconf 88' lang='lat' dir='ltr'>dominus</span> <span class='ocrx_word' id='word_1_71' title='bbox 1170 1578 1294 1641; x_wconf 87' lang='lat' dir='ltr'>semper</span> 
     </span>
     <span class='ocr_line' id='line_1_11' title="bbox 101 1655 1293 1750; baseline 0.001 -22"><span class='ocrx_word' id='word_1_72' title='bbox 101 1692 125 1732; x_wconf 82' lang='lat' dir='ltr'>ro</span> <span class='ocrx_word' id='word_1_73' title='bbox 144 1669 250 1745; x_wconf 86' lang='lat' dir='ltr'>fuerit,</span> <span class='ocrx_word' id='word_1_74' title='bbox 283 1669 310 1732; x_wconf 87' lang='lat' dir='ltr'>si</span> <span class='ocrx_word' id='word_1_75' title='bbox 344 1655 469 1750; x_wconf 85' lang='lat' dir='ltr'>semper·</span> <span class='ocrx_word' id='word_1_76' title='bbox 501 1671 643 1732; x_wconf 87' lang='lat' dir='ltr'>creatura</span> <span class='ocrx_word' id='word_1_77' title='bbox 671 1688 730 1732; x_wconf 94' lang='lat' dir='ltr'>non</span> <span class='ocrx_word' id='word_1_78' title='bbox 760 1668 830 1744; x_wconf 81' lang='lat' dir='ltr'>fuit,</span> <span class='ocrx_word' id='word_1_79' title='bbox 861 1667 1023 1732; x_wconf 88' lang='lat' dir='ltr'>adfinnare</span> <span class='ocrx_word' id='word_1_80' title='bbox 1051 1666 1172 1748; x_wconf 89' lang='lat' dir='ltr'>aliquid</span> <span class='ocrx_word' id='word_1_81' title='bbox 1199 1665 1293 1748; x_wconf 91' lang='lat' dir='ltr'>perti-</span> 
     </span>
     <span class='ocr_line' id='line_1_12' title="bbox 144 1771 1291 1856; baseline -0.002 -19"><span class='ocrx_word' id='word_1_82' title='bbox 144 1794 262 1851; x_wconf 78' lang='lat' dir='ltr'>mesco,</span> <span class='ocrx_word' id='word_1_83' title='bbox 297 1775 370 1855; x_wconf 90' lang='lat' dir='ltr'>quia</span> <span class='ocrx_word' id='word_1_84' title='bbox 403 1779 435 1838; x_wconf 90' lang='lat' dir='ltr'>et</span> <span class='ocrx_word' id='word_1_85' title='bbox 467 1795 518 1838; x_wconf 90' lang='lat' dir='ltr'>me</span> <span class='ocrx_word' id='word_1_86' title='bbox 545 1775 651 1856; x_wconf 87' lang='lat' dir='ltr'>ipsum</span> <span class='ocrx_word' id='word_1_87' title='bbox 679 1774 805 1838; x_wconf 86' lang='lat' dir='ltr'>intueor</span> <span class='ocrx_word' id='word_1_88' title='bbox 832 1778 864 1839; x_wconf 92' lang='lat' dir='ltr'>et</span> <span class='ocrx_word' id='word_1_89' title='bbox 892 1775 1045 1854; x_wconf 85' lang='lat' dir='ltr'>scriptum</span> <span class='ocrx_word' id='word_1_90' title='bbox 1075 1791 1144 1836; x_wconf 84' lang='lat' dir='ltr'>ease</span> <span class='ocrx_word' id='word_1_91' title='bbox 1171 1771 1291 1836; x_wconf 87' lang='lat' dir='ltr'>recolo:</span> 
     </span>
     <span class='ocr_line' id='line_1_13' title="bbox 145 1879 1292 1962; baseline -0.003 -17"><span class='ocrx_word' id='word_1_92' title='bbox 145 1880 245 1960; x_wconf 80' lang='lat' dir='ltr'>Quis</span> <span class='ocrx_word' id='word_1_93' title='bbox 269 1881 473 1945; x_wconf 89' lang='lat' dir='ltr'>hominum</span> <span class='ocrx_word' id='word_1_94' title='bbox 493 1884 632 1962; x_wconf 85' lang='lat' dir='ltr'>potest</span> <span class='ocrx_word' id='word_1_95' title='bbox 652 1881 758 1944; x_wconf 84' lang='lat' dir='ltr'>noire</span> <span class='ocrx_word' id='word_1_96' title='bbox 778 1881 995 1945; x_wconf 85' lang='lat' dir='ltr'>consilium</span> <span class='ocrx_word' id='word_1_97' title='bbox 1015 1880 1097 1955; x_wconf 78' lang='lat' dir='ltr'>Dei,</span> <span class='ocrx_word' id='word_1_98' title='bbox 1115 1883 1184 1944; x_wconf 90' lang='lat' dir='ltr'>aut</span> <span class='ocrx_word' id='word_1_99' title='bbox 1202 1879 1292 1961; x_wconf 85' lang='lat' dir='ltr'>quie</span> 
     </span>
     <span class='ocr_line' id='line_1_14' title="bbox 144 1985 1291 2070; baseline 0.002 -23"><span class='ocrx_word' id='word_1_100' title='bbox 144 1988 301 2070; x_wconf 85' lang='lat' dir='ltr'>poterit</span> <span class='ocrx_word' id='word_1_101' title='bbox 321 1988 505 2070; x_wconf 86' lang='lat' dir='ltr'>cogitare</span> <span class='ocrx_word' id='word_1_102' title='bbox 525 1986 621 2069; x_wconf 86' lang='lat' dir='ltr'>quid</span> <span class='ocrx_word' id='word_1_103' title='bbox 640 1986 745 2050; x_wconf 91' lang='lat' dir='ltr'>uelit</span> <span class='ocrx_word' id='word_1_104' title='bbox 765 1987 982 2052; x_wconf 81' lang='lat' dir='ltr'>Dominus?</span> <span class='ocrx_word' id='word_1_105' title='bbox 1004 1985 1291 2069; x_wconf 80' lang='lat' dir='ltr'>Cogitationes</span> 
     </span>
     <span class='ocr_line' id='line_1_15' title="bbox 145 2094 1291 2158; baseline -0.001 -2"><span class='ocrx_word' id='word_1_106' title='bbox 145 2096 248 2158; x_wconf 86' lang='lat' dir='ltr'>anim</span> <span class='ocrx_word' id='word_1_107' title='bbox 272 2094 507 2158; x_wconf 89' lang='lat' dir='ltr'>mortalium</span> <span class='ocrx_word' id='word_1_108' title='bbox 527 2094 695 2158; x_wconf 90' lang='lat' dir='ltr'>timidae</span> <span class='ocrx_word' id='word_1_109' title='bbox 716 2098 754 2158; x_wconf 90' lang='lat' dir='ltr'>at</span> <span class='ocrx_word' id='word_1_110' title='bbox 772 2095 954 2158; x_wconf 81' lang='lat' dir='ltr'>incertae</span> <span class='ocrx_word' id='word_1_111' title='bbox 974 2094 1291 2158; x_wconf 86' lang='lat' dir='ltr'>adinuentiones</span> 
     </span>
     <span class='ocr_line' id='line_1_16' title="bbox 98 2199 1292 2283; baseline 0 -21"><span class='ocrx_word' id='word_1_112' title='bbox 98 2204 322 2264; x_wconf 78' lang='lat' dir='ltr'>mnostrae.</span> <span class='ocrx_word' id='word_1_113' title='bbox 366 2199 650 2281; x_wconf 81' lang='lat' dir='ltr'>Corruptibile</span> <span class='ocrx_word' id='word_1_114' title='bbox 681 2201 782 2264; x_wconf 92' lang='lat' dir='ltr'>enim</span> <span class='ocrx_word' id='word_1_115' title='bbox 813 2219 959 2282; x_wconf 86' lang='lat' dir='ltr'>corpus</span> <span class='ocrx_word' id='word_1_116' title='bbox 989 2200 1188 2283; x_wconf 86' lang='lat' dir='ltr'>adgrauat</span> <span class='ocrx_word' id='word_1_117' title='bbox 1215 2200 1292 2263; x_wconf 92' lang='lat' dir='ltr'>ani-</span> 
     </span>
     <span class='ocr_line' id='line_1_17' title="bbox 144 2307 1291 2388; baseline 0 -18"><span class='ocrx_word' id='word_1_118' title='bbox 144 2327 252 2384; x_wconf 84' lang='lat' dir='ltr'>mam,</span> <span class='ocrx_word' id='word_1_119' title='bbox 269 2307 516 2388; x_wconf 86' lang='lat' dir='ltr'>etdaprimit</span> <span class='ocrx_word' id='word_1_120' title='bbox 534 2311 695 2371; x_wconf 90' lang='lat' dir='ltr'>terrena</span> <span class='ocrx_word' id='word_1_121' title='bbox 714 2307 966 2371; x_wconf 89' lang='lat' dir='ltr'>inhabitatio</span> <span class='ocrx_word' id='word_1_122' title='bbox 988 2325 1149 2370; x_wconf 85' lang='lat' dir='ltr'>sensum</span> <span class='ocrx_word' id='word_1_123' title='bbox 1165 2307 1291 2370; x_wconf 91' lang='lat' dir='ltr'>multa</span> 
     </span>
     <span class='ocr_line' id='line_1_18' title="bbox 144 2412 1291 2497; baseline -0.003 -19"><span class='ocrx_word' id='word_1_124' title='bbox 144 2415 408 2497; x_wconf 86' lang='lat' dir='ltr'>cogitantem.</span> <span class='ocrx_word' id='word_1_125' title='bbox 433 2415 478 2478; x_wconf 84' lang='lat' dir='ltr'>Ex</span> <span class='ocrx_word' id='word_1_126' title='bbox 501 2415 551 2478; x_wconf 90' lang='lat' dir='ltr'>his</span> <span class='ocrx_word' id='word_1_127' title='bbox 569 2415 677 2497; x_wconf 84' lang='lat' dir='ltr'>igitur,</span> <span class='ocrx_word' id='word_1_128' title='bbox 699 2433 778 2495; x_wconf 89' lang='lat' dir='ltr'>quae</span> <span class='ocrx_word' id='word_1_129' title='bbox 797 2414 828 2477; x_wconf 91' lang='lat' dir='ltr'>in</span> <span class='ocrx_word' id='word_1_130' title='bbox 847 2414 905 2477; x_wconf 88' lang='lat' dir='ltr'>hac</span> <span class='ocrx_word' id='word_1_131' title='bbox 924 2418 1047 2477; x_wconf 87' lang='lat' dir='ltr'>terrena</span> <span class='ocrx_word' id='word_1_132' title='bbox 1065 2412 1291 2476; x_wconf 86' lang='lat' dir='ltr'>inhabitatione</span> 
     </span>
     <span class='ocr_line' id='line_1_19' title="bbox 134 2518 1292 2604; baseline -0.007 -16"><span class='ocrx_word' id='word_1_133' title='bbox 134 2521 247 2588; x_wconf 68' lang='lat' dir='ltr'>,multa</span> <span class='ocrx_word' id='word_1_134' title='bbox 271 2521 377 2604; x_wconf 86' lang='lat' dir='ltr'>cogito</span> <span class='ocrx_word' id='word_1_135' title='bbox 403 2520 487 2604; x_wconf 87' lang='lat' dir='ltr'>(ideo</span> <span class='ocrx_word' id='word_1_136' title='bbox 512 2520 623 2601; x_wconf 90' lang='lat' dir='ltr'>utique</span> <span class='ocrx_word' id='word_1_137' title='bbox 642 2520 753 2594; x_wconf 85' lang='lat' dir='ltr'>multa,</span> <span class='ocrx_word' id='word_1_138' title='bbox 774 2520 847 2601; x_wconf 89' lang='lat' dir='ltr'>quia</span> <span class='ocrx_word' id='word_1_139' title='bbox 866 2538 974 2594; x_wconf 70' lang='lat' dir='ltr'>unum,</span> <span class='ocrx_word' id='word_1_140' title='bbox 995 2519 1079 2600; x_wconf 87' lang='lat' dir='ltr'>quod</span> <span class='ocrx_word' id='word_1_141' title='bbox 1103 2537 1138 2581; x_wconf 84' lang='lat' dir='ltr'>ex</span> <span class='ocrx_word' id='word_1_142' title='bbox 1155 2518 1219 2581; x_wconf 87' lang='lat' dir='ltr'>illis</span> <span class='ocrx_word' id='word_1_143' title='bbox 1238 2518 1292 2580; x_wconf 92' lang='lat' dir='ltr'>nel</span> 
     </span>
     <span class='ocr_line' id='line_1_20' title="bbox 143 2625 1290 2710; baseline -0.003 -20"><span class='ocrx_word' id='word_1_144' title='bbox 143 2631 268 2709; x_wconf 83' lang='lat' dir='ltr'>praeter</span> <span class='ocrx_word' id='word_1_145' title='bbox 295 2625 359 2690; x_wconf 90' lang='lat' dir='ltr'>illa.</span> <span class='ocrx_word' id='word_1_146' title='bbox 390 2626 474 2706; x_wconf 87' lang='lat' dir='ltr'>quod</span> <span class='ocrx_word' id='word_1_147' title='bbox 502 2627 581 2690; x_wconf 82' lang='lat' dir='ltr'>forte</span> <span class='ocrx_word' id='word_1_148' title='bbox 610 2645 671 2690; x_wconf 94' lang='lat' dir='ltr'>non</span> <span class='ocrx_word' id='word_1_149' title='bbox 699 2626 816 2710; x_wconf 85' lang='lat' dir='ltr'>cogito,</span> <span class='ocrx_word' id='word_1_150' title='bbox 844 2645 956 2689; x_wconf 88' lang='lat' dir='ltr'>nerum</span> <span class='ocrx_word' id='word_1_151' title='bbox 984 2629 1043 2699; x_wconf 86' lang='lat' dir='ltr'>eat,</span> <span class='ocrx_word' id='word_1_152' title='bbox 1067 2625 1206 2688; x_wconf 90' lang='lat' dir='ltr'>inuenire</span> <span class='ocrx_word' id='word_1_153' title='bbox 1230 2643 1290 2688; x_wconf 89' lang='lat' dir='ltr'>non</span> 
     </span>
     <span class='ocr_line' id='line_1_21' title="bbox 99 2731 1292 2817; baseline -0.002 -22"><span class='ocrx_word' id='word_1_154' title='bbox 99 2731 298 2817; x_wconf 74' lang='lat' dir='ltr'>aoposeum),</span> <span class='ocrx_word' id='word_1_155' title='bbox 333 2733 360 2797; x_wconf 83' lang='lat' dir='ltr'>si</span> <span class='ocrx_word' id='word_1_156' title='bbox 394 2733 496 2796; x_wconf 81' lang='lat' dir='ltr'>dinero</span> <span class='ocrx_word' id='word_1_157' title='bbox 530 2753 653 2814; x_wconf 88' lang='lat' dir='ltr'>semper</span> <span class='ocrx_word' id='word_1_158' title='bbox 685 2733 785 2797; x_wconf 87' lang='lat' dir='ltr'>fuisse</span> <span class='ocrx_word' id='word_1_159' title='bbox 813 2739 998 2806; x_wconf 85' lang='lat' dir='ltr'>creaturam,</span> <span class='ocrx_word' id='word_1_160' title='bbox 1027 2731 1118 2796; x_wconf 83' lang='lat' dir='ltr'>onius</span> <span class='ocrx_word' id='word_1_161' title='bbox 1146 2731 1292 2796; x_wconf 88' lang='lat' dir='ltr'>dominns</span> 
     </span>
     <span class='ocr_line' id='line_1_22' title="bbox 144 2838 1290 2922; baseline -0.003 -18"><span class='ocrx_word' id='word_1_162' title='bbox 144 2843 240 2906; x_wconf 87' lang='lat' dir='ltr'>esset.</span> <span class='ocrx_word' id='word_1_163' title='bbox 265 2840 319 2922; x_wconf 89' lang='lat' dir='ltr'>qni</span> <span class='ocrx_word' id='word_1_164' title='bbox 339 2859 462 2922; x_wconf 85' lang='lat' dir='ltr'>semper</span> <span class='ocrx_word' id='word_1_165' title='bbox 482 2844 531 2904; x_wconf 87' lang='lat' dir='ltr'>est</span> <span class='ocrx_word' id='word_1_166' title='bbox 550 2839 696 2904; x_wconf 86' lang='lat' dir='ltr'>dominus</span> <span class='ocrx_word' id='word_1_167' title='bbox 716 2859 772 2903; x_wconf 92' lang='lat' dir='ltr'>neo</span> <span class='ocrx_word' id='word_1_168' title='bbox 793 2839 939 2903; x_wconf 86' lang='lat' dir='ltr'>dominns</span> <span class='ocrx_word' id='word_1_169' title='bbox 964 2859 1115 2921; x_wconf 91' lang='lat' dir='ltr'>umquam</span> <span class='ocrx_word' id='word_1_170' title='bbox 1135 2858 1194 2902; x_wconf 93' lang='lat' dir='ltr'>non</span> <span class='ocrx_word' id='word_1_171' title='bbox 1214 2838 1290 2909; x_wconf 68' lang='lat' dir='ltr'>saltz</span> 
     </span>
     <span class='ocr_line' id='line_1_23' title="bbox 143 2946 1290 3028; baseline -0.003 -17"><span class='ocrx_word' id='word_1_172' title='bbox 143 2947 199 3011; x_wconf 87' lang='lat' dir='ltr'>sed</span> <span class='ocrx_word' id='word_1_173' title='bbox 232 2967 315 3010; x_wconf 91' lang='lat' dir='ltr'>nunc</span> <span class='ocrx_word' id='word_1_174' title='bbox 346 2947 446 3024; x_wconf 82' lang='lat' dir='ltr'>illam,</span> <span class='ocrx_word' id='word_1_175' title='bbox 469 2965 551 3010; x_wconf 88' lang='lat' dir='ltr'>nunc</span> <span class='ocrx_word' id='word_1_176' title='bbox 585 2946 679 3010; x_wconf 90' lang='lat' dir='ltr'>aliam</span> <span class='ocrx_word' id='word_1_177' title='bbox 713 2965 766 3028; x_wconf 90' lang='lat' dir='ltr'>per·</span> <span class='ocrx_word' id='word_1_178' title='bbox 798 2946 858 3009; x_wconf 89' lang='lat' dir='ltr'>alla</span> <span class='ocrx_word' id='word_1_179' title='bbox 891 2946 992 3026; x_wconf 91' lang='lat' dir='ltr'>adque</span> <span class='ocrx_word' id='word_1_180' title='bbox 1022 2946 1083 3010; x_wconf 91' lang='lat' dir='ltr'>alia</span> <span class='ocrx_word' id='word_1_181' title='bbox 1112 2949 1290 3027; x_wconf 88' lang='lat' dir='ltr'>temporum</span> 
     </span>
     <span class='ocr_line' id='line_1_24' title="bbox 144 3051 1291 3136; baseline -0.003 -20"><span class='ocrx_word' id='word_1_182' title='bbox 144 3054 257 3135; x_wconf 81' lang='lat' dir='ltr'>spatia,</span> <span class='ocrx_word' id='word_1_183' title='bbox 291 3073 328 3117; x_wconf 91' lang='lat' dir='ltr'>ne</span> <span class='ocrx_word' id='word_1_184' title='bbox 362 3054 501 3136; x_wconf 91' lang='lat' dir='ltr'>aliquam</span> <span class='ocrx_word' id='word_1_185' title='bbox 531 3053 670 3118; x_wconf 84' lang='lat' dir='ltr'>Creatori</span> <span class='ocrx_word' id='word_1_186' title='bbox 699 3057 896 3116; x_wconf 82' lang='lat' dir='ltr'>coaeternam</span> <span class='ocrx_word' id='word_1_187' title='bbox 926 3073 995 3116; x_wconf 83' lang='lat' dir='ltr'>esse</span> <span class='ocrx_word' id='word_1_188' title='bbox 1024 3053 1178 3128; x_wconf 78' lang='lat' dir='ltr'>dicamne,</span> <span class='ocrx_word' id='word_1_189' title='bbox 1208 3051 1291 3133; x_wconf 88' lang='lat' dir='ltr'>qnod</span> 
     </span>
     <span class='ocr_line' id='line_1_25' title="bbox 143 3158 1289 3242; baseline -0.002 -20"><span class='ocrx_word' id='word_1_190' title='bbox 143 3160 222 3222; x_wconf 83' lang='lat' dir='ltr'>tides</span> <span class='ocrx_word' id='word_1_191' title='bbox 241 3160 385 3242; x_wconf 88' lang='lat' dir='ltr'>ratioque</span> <span class='ocrx_word' id='word_1_192' title='bbox 406 3179 481 3223; x_wconf 85' lang='lat' dir='ltr'>sana</span> <span class='ocrx_word' id='word_1_193' title='bbox 500 3161 701 3224; x_wconf 82' lang='lat' dir='ltr'>condemnat:</span> <span class='ocrx_word' id='word_1_194' title='bbox 726 3160 900 3224; x_wconf 81' lang='lat' dir='ltr'>cernendum</span> <span class='ocrx_word' id='word_1_195' title='bbox 922 3163 981 3238; x_wconf 88' lang='lat' dir='ltr'>est,</span> <span class='ocrx_word' id='word_1_196' title='bbox 1001 3178 1038 3222; x_wconf 95' lang='lat' dir='ltr'>ne</span> <span class='ocrx_word' id='word_1_197' title='bbox 1058 3159 1101 3222; x_wconf 85' lang='lat' dir='ltr'>sit</span> <span class='ocrx_word' id='word_1_198' title='bbox 1119 3158 1289 3222; x_wconf 85' lang='lat' dir='ltr'>absurdum</span> 
     </span>
     <span class='ocr_line' id='line_1_26' title="bbox 98 3265 1290 3347; baseline 0 -20"><span class='ocrx_word' id='word_1_199' title='bbox 98 3288 124 3327; x_wconf 78' lang='lat' dir='ltr'>aa</span> <span class='ocrx_word' id='word_1_200' title='bbox 144 3271 175 3329; x_wconf 90' lang='lat' dir='ltr'>et</span> <span class='ocrx_word' id='word_1_201' title='bbox 200 3285 218 3329; x_wconf 91' lang='lat' dir='ltr'>a</span> <span class='ocrx_word' id='word_1_202' title='bbox 240 3266 311 3329; x_wconf 90' lang='lat' dir='ltr'>luce</span> <span class='ocrx_word' id='word_1_203' title='bbox 343 3265 488 3330; x_wconf 85' lang='lat' dir='ltr'>ueritatis</span> <span class='ocrx_word' id='word_1_204' title='bbox 517 3267 652 3330; x_wconf 89' lang='lat' dir='ltr'>alienum</span> <span class='ocrx_word' id='word_1_205' title='bbox 681 3267 848 3329; x_wconf 88' lang='lat' dir='ltr'>mortalem</span> <span class='ocrx_word' id='word_1_206' title='bbox 872 3265 999 3347; x_wconf 85' lang='lat' dir='ltr'>qnidam</span> <span class='ocrx_word' id='word_1_207' title='bbox 1023 3265 1188 3346; x_wconf 88' lang='lat' dir='ltr'>pernices</span> <span class='ocrx_word' id='word_1_208' title='bbox 1213 3267 1290 3327; x_wconf 90' lang='lat' dir='ltr'>tem-</span> 
     </span>
     <span class='ocr_line' id='line_1_27' title="bbox 143 3371 1288 3456; baseline -0.001 -22"><span class='ocrx_word' id='word_1_209' title='bbox 143 3393 257 3456; x_wconf 81' lang='lat' dir='ltr'>porum</span> <span class='ocrx_word' id='word_1_210' title='bbox 297 3391 422 3454; x_wconf 87' lang='lat' dir='ltr'>semper</span> <span class='ocrx_word' id='word_1_211' title='bbox 457 3372 558 3436; x_wconf 85' lang='lat' dir='ltr'>fuisse</span> <span class='ocrx_word' id='word_1_212' title='bbox 597 3375 784 3450; x_wconf 86' lang='lat' dir='ltr'>creaturam,</span> <span class='ocrx_word' id='word_1_213' title='bbox 822 3372 1025 3436; x_wconf 71' lang='lat' dir='ltr'>decedentem</span> <span class='ocrx_word' id='word_1_214' title='bbox 1058 3372 1163 3448; x_wconf 86' lang='lat' dir='ltr'>aliam,</span> <span class='ocrx_word' id='word_1_215' title='bbox 1197 3371 1288 3434; x_wconf 89' lang='lat' dir='ltr'>aliam</span> 
     </span>
     <span class='ocr_line' id='line_1_28' title="bbox 144 3479 1289 3560; baseline -0.003 -17"><span class='ocrx_word' id='word_1_216' title='bbox 144 3479 382 3549; x_wconf 82' lang='lat' dir='ltr'>arrccedentem;</span> <span class='ocrx_word' id='word_1_217' title='bbox 415 3479 614 3542; x_wconf 78' lang='lat' dir='ltr'>inmortalem</span> <span class='ocrx_word' id='word_1_218' title='bbox 647 3498 722 3543; x_wconf 90' lang='lat' dir='ltr'>uero</span> <span class='ocrx_word' id='word_1_219' title='bbox 756 3499 816 3542; x_wconf 92' lang='lat' dir='ltr'>non</span> <span class='ocrx_word' id='word_1_220' title='bbox 846 3498 916 3544; x_wconf 85' lang='lat' dir='ltr'>esee</span> <span class='ocrx_word' id='word_1_221' title='bbox 945 3480 1099 3560; x_wconf 82' lang='lat' dir='ltr'>coepisse,</span> <span class='ocrx_word' id='word_1_222' title='bbox 1128 3479 1189 3542; x_wconf 85' lang='lat' dir='ltr'>nisi</span> <span class='ocrx_word' id='word_1_223' title='bbox 1218 3497 1289 3542; x_wconf 88' lang='lat' dir='ltr'>oum</span> 
     </span>
     <span class='ocr_line' id='line_1_29' title="bbox 144 3586 1289 3669; baseline -0.001 -20"><span class='ocrx_word' id='word_1_224' title='bbox 144 3587 182 3650; x_wconf 89' lang='lat' dir='ltr'>ad</span> <span class='ocrx_word' id='word_1_225' title='bbox 202 3589 345 3650; x_wconf 86' lang='lat' dir='ltr'>nostrum</span> <span class='ocrx_word' id='word_1_226' title='bbox 366 3586 529 3650; x_wconf 83' lang='lat' dir='ltr'>saeculum</span> <span class='ocrx_word' id='word_1_227' title='bbox 549 3590 679 3650; x_wconf 90' lang='lat' dir='ltr'>uentum</span> <span class='ocrx_word' id='word_1_228' title='bbox 702 3591 760 3662; x_wconf 72' lang='lat' dir='ltr'>est,</span> <span class='ocrx_word' id='word_1_229' title='bbox 777 3587 900 3668; x_wconf 89' lang='lat' dir='ltr'>quando</span> <span class='ocrx_word' id='word_1_230' title='bbox 921 3591 953 3650; x_wconf 88' lang='lat' dir='ltr'>et</span> <span class='ocrx_word' id='word_1_231' title='bbox 972 3586 1075 3669; x_wconf 85' lang='lat' dir='ltr'>angeli</span> <span class='ocrx_word' id='word_1_232' title='bbox 1095 3586 1191 3650; x_wconf 87' lang='lat' dir='ltr'>creati</span> <span class='ocrx_word' id='word_1_233' title='bbox 1207 3588 1289 3660; x_wconf 78' lang='lat' dir='ltr'>sunt,</span> 
     </span>
    </p>

    <p class='ocr_par' dir='ltr' id='par_1_6' title="bbox 145 3692 1289 3778">
     <span class='ocr_line' id='line_1_30' title="bbox 145 3692 1289 3778; baseline -0.002 -22"><span class='ocrx_word' id='word_1_234' title='bbox 145 3695 170 3756; x_wconf 86' lang='lat' dir='ltr'>si</span> <span class='ocrx_word' id='word_1_235' title='bbox 201 3711 255 3757; x_wconf 85' lang='lat' dir='ltr'>eos</span> <span class='ocrx_word' id='word_1_236' title='bbox 283 3707 366 3758; x_wconf 88' lang='lat' dir='ltr'>recte</span> <span class='ocrx_word' id='word_1_237' title='bbox 394 3695 446 3757; x_wconf 88' lang='lat' dir='ltr'>lur</span> <span class='ocrx_word' id='word_1_238' title='bbox 473 3693 530 3758; x_wconf 89' lang='lat' dir='ltr'>illa</span> <span class='ocrx_word' id='word_1_239' title='bbox 553 3695 689 3776; x_wconf 87' lang='lat' dir='ltr'>primum</span> <span class='ocrx_word' id='word_1_240' title='bbox 713 3695 797 3758; x_wconf 82' lang='lat' dir='ltr'>lacta</span> <span class='ocrx_word' id='word_1_241' title='bbox 820 3693 979 3778; x_wconf 86' lang='lat' dir='ltr'>significat</span> <span class='ocrx_word' id='word_1_242' title='bbox 1003 3697 1058 3758; x_wconf 86' lang='lat' dir='ltr'>out</span> <span class='ocrx_word' id='word_1_243' title='bbox 1080 3692 1160 3756; x_wconf 88' lang='lat' dir='ltr'>illud</span> <span class='ocrx_word' id='word_1_244' title='bbox 1182 3692 1289 3774; x_wconf 87' lang='lat' dir='ltr'>potins</span> 
     </span>
    </p>
   </div>
   <div class='ocr_carea' id='block_1_5' title="bbox 235 3884 526 3954">
    <p class='ocr_par' dir='ltr' id='par_1_7' title="bbox 235 3884 526 3954">
     <span class='ocr_line' id='line_1_31' title="bbox 235 3884 526 3954; baseline 0.003 -17"><span class='ocrx_word' id='word_1_245' title='bbox 235 3884 268 3937; x_wconf 82' lang='lat'>12</span> <span class='ocrx_word' id='word_1_246' title='bbox 288 3885 349 3953; x_wconf 87' lang='lat' dir='ltr'>Sap.</span> <span class='ocrx_word' id='word_1_247' title='bbox 370 3886 394 3948; x_wconf 85' lang='lat'>9,</span> <span class='ocrx_word' id='word_1_248' title='bbox 416 3886 449 3938; x_wconf 89' lang='grc'>13</span> <span class='ocrx_word' id='word_1_249' title='bbox 468 3901 526 3954; x_wconf 87' lang='lat' dir='ltr'>sqq.</span> 
     </span>
    </p>
   </div>
   <div class='ocr_carea' id='block_1_6' title="bbox 142 3991 1291 4412">
    <p class='ocr_par' dir='ltr' id='par_1_8' title="bbox 142 3991 1291 4412">
     <span class='ocr_line' id='line_1_32' title="bbox 180 3991 1288 4062; baseline 0.001 -20"><span class='ocrx_word' id='word_1_250' title='bbox 180 3991 299 4043; x_wconf 64' lang='lat' dir='ltr'>Pluiase</span> <span class='ocrx_word' id='word_1_251' title='bbox 314 4007 420 4060; x_wconf 86' lang='lat' dir='ltr'>semper</span> <span class='ocrx_word' id='word_1_252' title='bbox 434 3992 611 4062; x_wconf 87' lang='lat' dir='ltr'>intellegatur</span> <span class='ocrx_word' id='word_1_253' title='bbox 622 4009 694 4061; x_wconf 77' lang='lat' dir='ltr'>pqv</span> <span class='ocrx_word' id='word_1_254' title='bbox 749 3997 933 4060; x_wconf 73' lang='lat' dir='ltr'>deternump</span> <span class='ocrx_word' id='word_1_255' title='bbox 989 3992 1145 4046; x_wconf 67' lang='lat' dir='ltr'>Soudeta</span> <span class='ocrx_word' id='word_1_256' title='bbox 1199 3993 1288 4044; x_wconf 89' lang='lat' dir='ltr'>9cum</span> 
     </span>
     <span class='ocr_line' id='line_1_33' title="bbox 144 4079 1288 4149; baseline -0.001 -18"><span class='ocrx_word' id='word_1_257' title='bbox 144 4079 225 4134; x_wconf 70' lang='lat' dir='ltr'>anal</span> <span class='ocrx_word' id='word_1_258' title='bbox 281 4081 314 4133; x_wconf 89' lang='lat'>13</span> <span class='ocrx_word' id='word_1_259' title='bbox 333 4080 402 4132; x_wconf 89' lang='lat' dir='ltr'>uelit</span> <span class='ocrx_word' id='word_1_260' title='bbox 421 4080 553 4132; x_wconf 85' lang='lat' dir='ltr'>Dominus</span> <span class='ocrx_word' id='word_1_261' title='bbox 573 4086 651 4134; x_wconf 72' lang='lat' dir='ltr'>enat</span> <span class='ocrx_word' id='word_1_262' title='bbox 724 4080 816 4134; x_wconf 80' lang='lat' dir='ltr'>deuel</span> <span class='ocrx_word' id='word_1_263' title='bbox 871 4083 903 4134; x_wconf 80' lang='lat'>17</span> <span class='ocrx_word' id='word_1_264' title='bbox 924 4081 1087 4149; x_wconf 85' lang='lat' dir='ltr'>cogitantet</span> <span class='ocrx_word' id='word_1_265' title='bbox 1143 4079 1181 4147; x_wconf 39' lang='grc'>18,</span> <span class='ocrx_word' id='word_1_266' title='bbox 1193 4081 1288 4148; x_wconf 87' lang='lat' dir='ltr'>unum]</span> 
     </span>
     <span class='ocr_line' id='line_1_34' title="bbox 142 4167 1291 4239; baseline 0 -19"><span class='ocrx_word' id='word_1_267' title='bbox 142 4172 227 4220; x_wconf 85' lang='lat' dir='ltr'>nont</span> <span class='ocrx_word' id='word_1_268' title='bbox 302 4169 333 4220; x_wconf 89' lang='lat'>19</span> <span class='ocrx_word' id='word_1_269' title='bbox 352 4167 423 4220; x_wconf 79' lang='lat' dir='ltr'>forte</span> <span class='ocrx_word' id='word_1_270' title='bbox 444 4169 540 4221; x_wconf 79' lang='lat' dir='ltr'>omisso</span> <span class='ocrx_word' id='word_1_271' title='bbox 559 4175 643 4220; x_wconf 83' lang='lat' dir='ltr'>nont</span> <span class='ocrx_word' id='word_1_272' title='bbox 709 4169 904 4239; x_wconf 82' lang='lat' dir='ltr'>20posaumue</span> <span class='ocrx_word' id='word_1_273' title='bbox 928 4167 985 4222; x_wconf 80' lang='lat' dir='ltr'>V²t</span> <span class='ocrx_word' id='word_1_274' title='bbox 1048 4170 1081 4221; x_wconf 78' lang='lat'>22</span> <span class='ocrx_word' id='word_1_275' title='bbox 1102 4170 1218 4221; x_wconf 73' lang='lat' dir='ltr'>alterum</span> <span class='ocrx_word' id='word_1_276' title='bbox 1237 4168 1291 4220; x_wconf 90' lang='lat' dir='ltr'>alia</span> 
     </span>
     <span class='ocr_line' id='line_1_35' title="bbox 143 4255 1290 4310; baseline 0.001 -3"><span class='ocrx_word' id='word_1_277' title='bbox 143 4260 226 4308; x_wconf 76' lang='lat' dir='ltr'>ornat</span> <span class='ocrx_word' id='word_1_278' title='bbox 282 4255 316 4307; x_wconf 83' lang='grc'>23</span> <span class='ocrx_word' id='word_1_279' title='bbox 335 4260 413 4308; x_wconf 86' lang='lat' dir='ltr'>nect</span> <span class='ocrx_word' id='word_1_280' title='bbox 468 4257 667 4310; x_wconf 70' lang='lat' dir='ltr'>arestone</span> <span class='ocrx_word' id='word_1_281' title='bbox 721 4259 755 4310; x_wconf 86' lang='grc'>26</span> <span class='ocrx_word' id='word_1_282' title='bbox 775 4257 892 4310; x_wconf 65' lang='lat' dir='ltr'>altarem</span> <span class='ocrx_word' id='word_1_283' title='bbox 912 4257 993 4310; x_wconf 85' lang='lat' dir='ltr'>aliam</span> <span class='ocrx_word' id='word_1_284' title='bbox 1011 4272 1091 4310; x_wconf 79' lang='lat' dir='ltr'>onae</span> <span class='ocrx_word' id='word_1_285' title='bbox 1144 4258 1178 4309; x_wconf 79' lang='grc'>27</span> <span class='ocrx_word' id='word_1_286' title='bbox 1198 4262 1290 4309; x_wconf 84' lang='lat' dir='ltr'>uerat</span> 
     </span>
     <span class='ocr_line' id='line_1_36' title="bbox 143 4343 455 4412; baseline 0 -16"><span class='ocrx_word' id='word_1_287' title='bbox 143 4344 178 4396; x_wconf 78' lang='lat'>29</span> <span class='ocrx_word' id='word_1_288' title='bbox 198 4344 220 4394; x_wconf 86' lang='lat' dir='ltr'>ai</span> <span class='ocrx_word' id='word_1_289' title='bbox 241 4343 298 4412; x_wconf 82' lang='lat' dir='ltr'>eos]</span> <span class='ocrx_word' id='word_1_290' title='bbox 320 4343 455 4396; x_wconf 83' lang='lat' dir='ltr'>lacunat</span> 
     </span>
    </p>
   </div>
   <div class='ocr_carea' id='block_1_7' title="bbox 0 0 1586 4932">
    <p class='ocr_par' dir='ltr' id='par_1_9' title="bbox 0 0 1586 4932">
     <span class='ocr_line' id='line_1_37' title="bbox 0 0 1586 4932; baseline 0 0"><span class='ocrx_word' id='word_1_291' title='bbox 0 0 1586 4932; x_wconf 95' lang='lat' dir='ltr'> </span> 
     </span>
    </p>
   </div>
  </div>
 </body>
</html>
