3108 4926
375 422 424 477 De
453 422 627 478 ciuitate
656 422 717 476 dei
743 421 810 480 lib.
837 422 913 477 VIII.
943 439 1018 494 cap.
1045 424 1071 478 4.
1232 425 1297 490 359

150 617 310 696 brebatur,
334 617 488 700 quidquid
511 617 641 682 Italicae
664 615 884 701 philosophiae
914 621 991 682 tune
1014 616 1156 693 florebat,
1181 615 1298 682 auditis

151 725 411 790 eminentioribus
444 725 475 788 in
509 743 544 789 ea
577 723 760 789 doctoribus
793 723 944 788 facillime
977 723 1212 807 conprehendit.
1258 725 1299 788 Et

151 831 225 914 quia
254 831 444 916 magistrum
467 831 628 897 Socratem
658 829 862 914 singulariter
885 826 1049 916 diligebat,
1074 849 1147 894 enm
1168 829 1298 911 loquen-

148 943 215 1002 tem
238 938 359 1004 laeiens
382 938 447 1003 lere
470 937 502 1002 in
527 937 673 1002 omnibus
698 934 895 1001 sermonibus
920 937 987 1001 suis
1011 937 1106 1001 etiam
1127 936 1194 1014 illa,
1219 955 1298 1018 quae

119 1045 203 1110 snel
230 1044 270 1109 ab
300 1045 371 1108 aliis
400 1044 561 1122 didicerat,
586 1045 639 1110 uel
666 1044 734 1126 ipse
763 1047 882 1124 quanta
909 1047 1055 1126 potuerat
1081 1042 1300 1127 Intellegentia

148 1151 285 1229 uiderat,
310 1171 382 1216 oum
410 1151 499 1216 illius
526 1152 632 1233 lepore
661 1153 693 1215 et
720 1149 894 1214 moralibus
923 1147 1192 1232 disputationibus
1220 1155 1298 1215 tem·

147 1258 284 1342 parauit.
308 1259 420 1342 ltaque
445 1277 517 1323 cum
542 1257 685 1323 studium
710 1257 881 1340 sapientiae
904 1255 936 1320 in
961 1257 1083 1322 actione
1108 1262 1141 1322 et
1160 1259 1298 1322 oontem-

147 1365 290 1447 platione
318 1367 474 1442 uersatur,
498 1365 581 1430 unde
609 1384 670 1429 una
697 1381 770 1447 pars
800 1363 868 1428 eius
897 1363 1012 1440 uotiua,
1037 1364 1136 1428 altera
1159 1365 1298 1428 contem·

146 1470 271 1554 platina
300 1471 363 1536 diei
389 1473 497 1554 potest
519 1471 666 1554 (quarum
690 1471 796 1535 aetiua
818 1469 858 1535 ad
882 1469 1036 1555 agendam
1059 1469 1170 1546 uitam,
1193 1469 1227 1534 id
1250 1471 1300 1534 est

105 1604 130 1644 ro
148 1577 187 1642 ad
214 1597 321 1642 mores
348 1577 562 1644 instituendos
589 1577 736 1660 pertinet,
762 1578 1011 1660 contemplatiua
1034 1579 1140 1642 autem
1165 1575 1204 1641 ad
1227 1595 1299 1641 oon-

147 1683 331 1768 spioiendae
345 1687 475 1749 naturae
491 1703 602 1749 causas
618 1687 651 1748 et
669 1683 917 1749 sincerissimam
935 1685 1133 1770 ueritatem:
1154 1682 1298 1750 Socrates

145 1790 178 1854 in
202 1791 312 1855 aetina
337 1791 523 1856 excelluisse
546 1793 752 1867 memoratum
781 1789 978 1874 Pythagoras
1002 1809 1078 1857 uero
1102 1790 1204 1874 magis
1229 1807 1298 1854 oon-

146 1890 369 1980 templatiu'ae,
403 1897 518 1979 quibus
556 1896 661 1978 potuit
697 1895 934 1982 intellegentiae
966 1896 1099 1975 uiribus,
1131 1895 1299 1961 institisse.

145 2003 286 2069 Proinde
323 2003 415 2068 Plato
452 2007 623 2085 utrumque
659 2001 819 2086 iungendo
856 2003 1092 2085 philosophiam
1128 2001 1298 2085 perfecisse

105 2137 129 2176 ra
147 2111 311 2188 laudatur,
331 2128 424 2192 quam
449 2108 481 2174 in
504 2111 569 2174 tres
592 2111 698 2192 partes
722 2108 899 2174 distribuit:
924 2127 1018 2174 unam
1036 2109 1198 2184 moralem,
1219 2127 1299 2192 quae

147 2218 287 2282 maxime
319 2217 350 2280 in
384 2215 506 2281 actione
539 2217 696 2289 uersatum
732 2215 861 2280 alteram
894 2217 1081 2294 naturalem,
1114 2234 1194 2300 quae
1227 2235 1299 2281 con·

147 2323 352 2407 templationi
395 2323 546 2406 deputata
585 2327 646 2396 est:
689 2323 816 2388 tertiam
854 2322 1051 2402 rationalem,
1090 2342 1152 2405 qna
1187 2339 1299 2386 uemm

146 2429 389 2494 disterminatur
420 2448 439 2493 a
470 2429 561 2493 falso.
601 2427 689 2509 Quae
720 2427 796 2492 licet
823 2429 960 2512 utrIque,
984 2427 1017 2492 id
1046 2433 1096 2494 est
1123 2428 1239 2494 actioni
1267 2430 1299 2493 et

146 2535 422 2618 contemplationi,
460 2535 503 2601 sit
538 2535 724 2612 necessaria,
758 2535 892 2600 maxime
929 2539 1034 2600 tamen
1073 2535 1298 2619 contemplatio

1 2735 2 2738 Ἴ
103 2671 129 2710 aa
144 2643 403 2726 perspectionem
440 2642 501 2707 sibi
538 2641 680 2706 uindicat
711 2641 868 2707 ueritatis.
909 2641 984 2707 Ideo
1018 2645 1095 2708 haee
1127 2640 1298 2726 tripertitio

145 2770 207 2814 non
240 2752 291 2814 est
319 2749 473 2814 contraria
499 2749 548 2814 illi
577 2749 783 2824 distinctioni,
808 2768 871 2829 qua
897 2747 1094 2836 intellegitur
1117 2769 1207 2814 omne
1232 2757 1298 2813 etu-

146 2857 236 2921 dium
264 2855 436 2937 sapIentiae
459 2856 492 2920 in
515 2855 639 2919 actione
663 2857 695 2919 et
718 2853 984 2936 contemplatione
1008 2855 1190 2920 consistere.
1216 2850 1299 2932 Quid

146 2967 256 3029 autem
285 2962 316 3026 in
345 2961 396 3026 his
422 2962 477 3026 uel
505 2961 543 3027 de
572 2961 621 3026 bis
651 2961 784 3046 singulis
812 2960 957 3044 partibus
980 2960 1073 3026 Plato
1098 2960 1243 3037 senserit,
1266 2959 1298 3024 id

146 3077 206 3148 est,
226 3068 283 3133 ubi
308 3067 403 3132 finem
427 3067 568 3133 omniurn
592 3067 763 3146 actionum,
783 3067 838 3132 ubi
863 3085 991 3132 oausam
1016 3066 1156 3132 omnium
1175 3069 1298 3132 natura·

102 3203 128 3244 aa
144 3195 229 3253 rum,
257 3175 311 3239 ubi
339 3174 446 3239 lumen
477 3174 618 3240 omnium
642 3164 800 3240 rationum
824 3193 894 3238 esse
919 3175 1102 3258 cognouerit
1127 3173 1177 3238 uel
1201 3173 1298 3238 eredi-

148 3282 242 3360 derit,
272 3279 454 3346 dlsserendo
483 3279 636 3362 explicare
660 3283 692 3344 et
714 3280 845 3364 longum
870 3299 940 3345 esse
968 3279 1102 3344 arbitror
1126 3283 1157 3345 et
1180 3285 1298 3346 temere

146 3387 379 3453 adfirmandum
411 3405 481 3452 esse
513 3407 574 3452 non
607 3385 750 3451 arbitror.
785 3385 864 3452 Cum
894 3386 976 3452 enirn
999 3386 1218 3472 magistriani
1242 3385 1297 3454 So·

146 3496 259 3576 eratis,
291 3513 384 3577 quoru
417 3494 495 3558 facit
525 3494 558 3558 iu
592 3493 658 3558 suis
691 3491 909 3559 uoluminibus
943 3491 1169 3575 disputantem,
1201 3493 1297 3560 notis-

146 3602 268 3668 simum
306 3620 427 3666 morem
465 3599 713 3666 dissimulandae
750 3599 901 3666 scientiae
938 3600 990 3666 uel
1028 3600 1184 3683 opinionis
1221 3619 1297 3666 suae

184 3893 197 3944 l
230 3887 333 3942 auditis
357 3903 440 3942 orma
493 3890 511 3942 4
540 3889 642 3944 iaciens
661 3895 727 3959 post
749 3890 919 3944 sermonibus
944 3889 1000 3943 suis
1023 3887 1105 3943 babet
1128 3905 1168 3958 qo
1240 3888 1297 3942 suis

146 3995 198 4033 om.
220 3977 252 4030 α1
308 3978 324 4029 5
335 3977 417 4044 priua
435 3976 479 4030 nel
496 3993 557 4046 sup.
574 3979 649 4033 bel
703 3977 1109 4048 10instilp'ljtnendos,tner'n
1123 3975 1184 4046 fine
1201 3991 1298 4030 uermes

146 4064 273 4132 cras.,O
327 4066 359 4118 12
378 4066 466 4135 magis
485 4071 555 4120 cont.
576 4084 601 4136 q.
621 4067 711 4138 potuit
725 4067 839 4136 magist
895 4069 926 4122 15
945 4067 1086 4121 mortalem
1101 4064 1127 4120 e²
1183 4065 1215 4118 16
1235 4081 1296 4118 con-

145 4155 329 4226 templatione
351 4153 383 4208 0¹
428 4140 491 4209 '18
511 4158 553 4208 est
571 4161 630 4210 eta
686 4157 719 4209 19
737 4171 849 4209 necessa
867 4157 890 4210 el
947 4155 1146 4210 aduertere
1217 4153 1296 4224 haee]

147 4249 208 4300 ete
282 4242 467 4312 tripartitioc
522 4245 556 4298 22
575 4247 603 4298 et
622 4261 707 4300 ωηο
762 4245 797 4298 23
816 4245 939 4314 partibus
958 4244 1103 4314 singulisl
1174 4243 1296 4312 pertibus

146 4351 198 4390 om.
220 4331 245 4386 0
307 4333 343 4386 24
361 4347 487 4388 canense
547 4333 581 4386 27
602 4332 684 4403 enim]
705 4337 795 4387 autem
816 4333 826 4385 l
