3094 4932
269 418 308 481 18
617 415 642 472 S.
671 415 827 472 Aurelii
854 414 1072 485 Augustini

268 611 306 676 ab
326 611 422 676 buius
442 610 528 676 modi
547 611 641 694 culpa
659 610 788 694 penitus
808 610 930 676 alienus
950 614 1008 688 est,
1033 611 1097 694 qui,
1120 611 1197 676 licet
1214 613 1416 696 praepositus

267 718 405 795 nonsit,
433 717 465 782 in
490 717 535 784 eis
560 721 675 794 tamen,
705 716 820 800 quibus
845 716 931 782 uitae
954 716 1051 782 buius
1074 718 1263 784 necessitate
1288 719 1417 785 coniun-

267 824 361 908 gitur,
384 823 488 888 multa
511 823 664 888 monenda
682 823 736 888 nael
755 823 915 908 arguenda
933 823 1024 888 nouit
1042 828 1074 888 et
1092 824 1243 909 neglegit,
1268 825 1415 891 deuitaus

267 949 374 996 eorum
399 930 588 996 offensiones
611 933 739 1012 propter
761 929 816 994 illa
835 929 952 1012 quibus
971 929 1002 993 in
1021 931 1080 994 bac
1098 931 1167 995 uita
1184 951 1244 996 non
1263 930 1415 998 indebitis

266 1037 378 1115 utitur,
402 1036 459 1102 sed
480 1036 553 1120 plus
576 1055 671 1118 quam
695 1036 806 1100 debuit
829 1036 1014 1102 delectatur.
1037 1035 1160 1102 Deinde
1184 1035 1300 1102 babent
1319 1039 1413 1104 aliam
1446 1063 1461 1103 s

266 1163 395 1210 caueam
427 1144 511 1220 boni,
550 1163 646 1227 quare
678 1143 906 1226 temporalibus
939 1143 1130 1227 adfligentur
1160 1145 1264 1224 malis,
1289 1145 1415 1227 qualem

267 1251 379 1316 babuit
391 1251 463 1317 Iob:
478 1255 516 1314 ut
534 1250 595 1315 sibi
614 1250 683 1333 ipse
702 1250 861 1314 humanus
881 1251 1005 1316 animus
1025 1250 1069 1314 ait
1086 1251 1238 1333 probatus
1259 1253 1291 1315 et
1309 1251 1415 1335 cogui-

265 1361 329 1436 tus‚
354 1362 472 1441 quanta
494 1357 613 1422 uirtute
636 1357 765 1440 pietatis
790 1356 889 1440 gratis
914 1357 1015 1422 Deum
1039 1356 1162 1442 diligat.

743 1566 880 1632 CAPUT
903 1567 942 1633 X.

267 1706 380 1805 Quod
417 1708 575 1774 sanctis
612 1709 651 1773 in
688 1708 909 1773 amissione
950 1729 1082 1773 rerum
1124 1711 1411 1793 temporalium
1435 1740 1460 1780 ro

696 1815 803 1880 nihil
825 1818 976 1898 pereat.

311 1955 433 2036 Quibus
462 1959 545 2021 recte
574 1957 779 2022 consideratis
808 1957 910 2041 adque
937 1958 1112 2042 perspectis
1141 1958 1273 2024 adtende
1305 1962 1414 2023 utrum

266 2063 387 2147 aliquid
410 2064 484 2128 mali
509 2063 660 2128 acciderit
681 2063 829 2129 fidelibus
850 2068 882 2129 et
904 2064 977 2148 piis,
998 2065 1081 2148 qnod
1101 2064 1146 2129 eis
1166 2085 1226 2129 non
1245 2065 1275 2129 in
1295 2065 1413 2131 bonum

265 2173 451 2246 uerteretur,
479 2171 541 2235 nisi
567 2171 648 2235 torte
676 2171 853 2254 putandum
877 2175 926 2236 ast
949 2172 1156 2254 apostolicam
1183 2171 1272 2236 illam
1300 2191 1413 2237 uacare

203 2343 206 2349 ,
266 2277 464 2356 sententiam,
494 2277 550 2342 ubi
578 2278 637 2341 ait:
666 2277 824 2344 Scimus
858 2278 952 2360 qnia
984 2277 1259 2364 diligentibus
1288 2280 1411 2345 Deum
1434 2303 1461 2343 rs

267 2385 395 2449 omnia
433 2388 676 2466 cooperatur
707 2385 746 2448 in
778 2385 932 2450 bonum.
981 2385 1165 2450 Amiseruut
1197 2385 1301 2449 omnia
1334 2405 1412 2469 quae

266 2492 433 2557 habebant
457 2489 619 2573 Numquid
638 2489 753 2556 fidem?
772 2491 926 2574 numquid
945 2492 1117 2573 pietatem?
1137 2491 1289 2574 numquid
1308 2491 1413 2556 interi·

267 2599 329 2664 oris
353 2597 490 2662 hominis
513 2597 604 2675 bona,
629 2597 685 2680 qui
709 2602 757 2662 est
786 2601 856 2661 ante
880 2597 983 2662 Deum
1008 2597 1119 2661 diues?
1147 2597 1214 2662 Hae
1239 2601 1314 2662 sunt
1337 2617 1411 2680 opes

268 2704 527 2784 Christianorum,
543 2705 658 2786 quibus
676 2703 843 2787 opulentus
860 2703 985 2768 dicebat
999 2704 1178 2786 apostolus:
1193 2704 1265 2766 Est
1279 2707 1412 2768 autem

267 2815 463 2895 quaestus
496 2830 663 2894 magnus
696 2810 832 2893 pietas
866 2831 952 2875 cum
982 2809 1255 2875 sufficientia.
1297 2811 1460 2878 Nihilo>

267 2919 369 2982 enim
396 2917 615 2981 intulimus
644 2916 682 2980 iu
711 2917 814 2981 bunc
842 2917 1038 2992 mundum,
1064 2916 1132 2982 sad
1156 2935 1227 2981 nec
1251 2917 1411 2982 auferre

266 3023 426 3106 aliquid
443 3043 670 3106 possumus.
692 3023 901 3088 Habentes
921 3026 1050 3088 autem
1074 3024 1225 3088 uictum
1247 3027 1285 3088 et
1304 3027 1410 3108 tegu-

266 3133 442 3196 mentum
465 3131 529 3194 bis
554 3130 737 3195 contenti
760 3149 908 3194 sumus.
934 3129 1028 3193 Nam
1052 3130 1119 3211 qui
1143 3131 1289 3194 uolunt
1313 3129 1410 3194 diui-

265 3241 328 3303 tes
355 3237 463 3316 tieri‚
491 3238 681 3302 incidunt
707 3237 745 3301 in
780 3237 1050 3301 tentationem
1085 3241 1123 3302 et
1157 3237 1342 3320 laqueum
1374 3240 1412 3302 et

267 3343 477 3409 desideria
513 3344 640 3408 multa
680 3343 813 3407 stulta
850 3345 889 3406 et
924 3344 1051 3418 noxia,
1086 3363 1186 3426 quae
1224 3348 1459 3428 merguntes
1543 3373 1544 3380 ³

266 3452 449 3516 homines
474 3450 510 3515 in
534 3451 749 3516 interitum
774 3451 812 3513 et
834 3449 1120 3532 perditionem.
1159 3449 1284 3515 Radix
1309 3451 1411 3515 enim

356 3712 387 3766 15
407 3712 483 3765 Rom.
502 3711 527 3774 8,
547 3713 582 3766 28
638 3711 670 3766 18
690 3711 762 3766 Patr.
782 3710 805 3765 I.
825 3711 850 3776 3,
868 3712 886 3764 4
947 3713 979 3764 19
1000 3711 1068 3764 Tim.
1087 3710 1108 3774 Ι,
1129 3712 1153 3768 6,
1173 3712 1189 3764 6
1209 3727 1267 3782 sqq.

303 3853 315 3906 1
337 3851 523 3906 huiuscemodi
541 3871 557 3908 o
656 3855 672 3907 6
692 3851 858 3922 adfligentur
878 3849 928 3904 Oa
939 3851 954 3904 b
965 3851 985 3904 d
994 3867 1006 3904 e
1017 3851 1052 3919 lp
1063 3867 1117 3920 qo;
1135 3851 1294 3920 affliguntur
1311 3853 1411 3908 Dono

266 3941 283 3994 8
302 3941 379 3995 deum
395 3941 481 4010 gratis
496 3959 538 3995 ae
584 3943 616 3997 15
636 3942 763 4012 qnoniam
775 3957 795 4009 p
806 3957 822 4008 q
833 3957 851 3990 α
900 3940 932 3994 16
952 3944 1111 4010 cooperatur
1128 3940 1185 4044 (ἐν
1196 3947 1221 4008 f
1235 3940 1349 4010 Domb;
1367 3958 1412 3996 co-

266 4059 411 4127 operantur
429 4057 715 4127 ab²delpqolc²c3
733 4057 921 4124 componantur
940 4055 968 4108 t¹
1055 4057 1087 4108 17
1107 4071 1159 4120 npn
1180 4056 1244 4124 quid
1262 4055 1324 4111 fide.
1342 4074 1413 4111 nun-

267 4145 505 4216 quid—nunquid
525 4164 544 4200 c
635 4147 668 4200 18
688 4145 858 4198 dominusne
947 4143 1015 4198 heae
1036 4161 1068 4210 a;
1084 4144 1184 4198 haece
1267 4147 1300 4199 23
1320 4161 1414 4200 sumus

270 4234 292 4288 C
299 4233 410 4289 o²lab¹
434 4237 513 4305 frgm.
536 4236 659 4304 Frisinq.
684 4235 724 4290 ed.
748 4235 868 4304 Ziaplcr;
891 4233 974 4286 simus
998 4233 1184 4302 ab¹depqv
1274 4235 1308 4288 25
1327 4234 1417 4290 stulta

265 4324 361 4376 om.()
433 4322 1136 4392 ddenimestCabdpq5estenirneoDomb.
