3072 4928
385 423 642 508 Deoiuitate
667 423 729 478 dei
752 424 818 478 lib.
842 424 892 478 III.
917 441 991 494 cap.
1018 427 1058 478 18.
1230 427 1289 490 141

582 621 718 687 CAPUT
742 621 858 688 Xl'lll.

133 759 328 838 erantae
363 761 501 825 clades
533 761 731 826 Romanos
766 762 837 826 sub
871 761 995 826 bellis
1024 761 1192 826 Punicis
1225 761 1291 825 tri-

222 869 361 932 uerint
385 869 541 932 frustra
566 868 726 932 deorum
751 867 977 951 praesidiis
1003 867 1210 949 expetitis.

181 1011 252 1076 Iam
286 1029 362 1074 uero
395 1010 524 1074 Punieis
558 1009 662 1088 bellis,
697 1029 770 1074 oum
802 1010 883 1074 iuter
915 1013 1086 1092 utrumque
1122 1008 1291 1090 imperium

99 1116 277 1182 suiotoria
310 1117 364 1180 diu
398 1135 513 1200 anceps
547 1116 648 1198 adque
681 1117 800 1182 ineerta
832 1116 981 1201 penderet
1018 1116 1190 1202 populique
1229 1115 1291 1180 duo

131 1223 316 1306 praeualidi
338 1223 478 1306 impetus
502 1224 534 1287 in
559 1224 747 1288 alterutrum
766 1223 958 1290 fortissimos
979 1227 1010 1288 et
1029 1223 1290 1306 opulentissimos

133 1333 278 1413 agerent,
295 1333 373 1412 quot
392 1330 563 1395 minutiora
581 1349 677 1414 regna
696 1331 831 1395 contrita
851 1334 939 1396 sunt!
961 1349 1039 1412 quae
1059 1331 1153 1394 urbes
1169 1329 1291 1412 amplae

132 1437 324 1518 nobilesque
361 1436 493 1514 deletae,
532 1440 611 1520 quot
648 1437 801 1513 adflictae,
836 1440 914 1520 quot
950 1437 1090 1521 perditae
1128 1437 1290 1501 ciuitates!

134 1543 241 1622 (luam
275 1544 370 1628 longe
402 1544 530 1627 lateque
563 1547 612 1608 tot
643 1545 788 1628 regiones
821 1548 984 1626 terraeque
1018 1547 1162 1608 uastatae
1198 1545 1286 1606 sunt!

90 1679 113 1714 ro
134 1649 294 1728 Quotiens
320 1651 396 1714 riioti
419 1651 493 1715 bino
518 1650 619 1733 adque
643 1651 715 1714 inde
739 1652 892 1716 uictores!
923 1650 1007 1730 Quid
1031 1651 1192 1715 bominum
1218 1667 1288 1712 eon-

132 1760 281 1822 sumtum
305 1761 354 1820 est
378 1756 431 1820 uel
455 1757 664 1840 pugnantium
691 1756 830 1821 militnm
854 1757 906 1821 uel
926 1757 963 1822 ab
985 1756 1080 1820 armis
1104 1753 1287 1819 uacantium

132 1865 342 1946 populorum!
368 1863 493 1942 Quanta
508 1865 558 1928 uis
573 1863 703 1928 nauium
723 1865 852 1928 marinis
873 1865 969 1928 etiam
987 1862 1116 1946 proeliis
1137 1862 1288 1944 obpressa

134 1975 166 2034 et
181 1969 381 2034 diuersarum
401 1972 628 2052 tempestatum
649 1969 802 2033 uarietate
823 1970 986 2035 submersa
1005 1971 1066 2034 est!
1093 1969 1126 2034 Si
1146 1987 1287 2031 enarrare

134 2075 188 2140 uel
212 2094 459 2140 commemorare
485 2075 743 2152 ooaemu1·‚nihil
768 2077 854 2140 aliud
879 2095 973 2158 quam
998 2075 1166 2158 scriptores
1191 2075 1285 2137 etiam

91 2201 190 2248 151108
222 2183 341 2246 erimus
370 2183 532 2248 historiae.
570 2183 658 2264 Tune
687 2201 801 2266 magno
830 2187 917 2248 metu
939 2183 1123 2265 perturbata
1145 2181 1287 2244 Romanu

134 2291 252 2354 ciuitas
281 2289 322 2354 ad
348 2289 486 2354 remedia
515 2307 596 2352 uana
625 2291 656 2353 et
678 2287 807 2352 ridenda
831 2289 984 2356 currebat.
1013 2287 1184 2354 Instaurati
1211 2289 1287 2350 sunt

134 2415 168 2461 er
198 2397 389 2460 auctoritate
417 2395 569 2462 librorum
594 2393 819 2477 Sibyllinorum
845 2395 912 2460 ludi
936 2395 1124 2472 saeculares
1150 2413 1283 2476 quorum

134 2502 303 2567 celebritas
333 2503 414 2566 inter
442 2507 569 2566 eentum
598 2519 695 2566 annos
724 2501 827 2566 fuerat
855 2501 1001 2566 instituta
1024 2500 1283 2582 felicioribusque

133 2609 332 2692 temporibus
361 2608 514 2672 memoria
542 2607 731 2692 neglegente
763 2609 908 2690 perierat.
950 2609 1155 2674 Renouarunt
1186 2608 1280 2670 etiarn

90 2743 115 2780 no
131 2715 300 2800 pontifices
328 2716 422 2781 ludos
452 2733 558 2780 saeros
586 2715 694 2780 inferis
724 2717 755 2780 et
782 2716 868 2798 ipsos
898 2716 1033 2780 abolitos
1058 2715 1146 2778 arinis
1170 2717 1281 2777 retror-

132 2843 203 2890 sum
233 2822 430 2888 melioribus.
467 2821 627 2886 Nimirum
656 2841 741 2904 ergo,
767 2821 889 2904 quando
918 2821 1061 2886 renouati
1085 2824 1169 2896 sunt,
1194 2823 1281 2882 tanta

132 2931 223 3014 eopia
247 2929 450 2993 morientium
474 2928 591 2992 ditatos
615 2928 732 2994 inferos
757 2929 851 2993 etiam
872 2929 980 2993 ludere
1000 2927 1187 3002 delectabat,
1207 2944 1280 2988 eum

131 3035 274 3118 profecto
303 3033 408 3098 miseri
439 3033 582 3098 homines
607 3035 676 3118 ipsa
699 3035 807 3099 rabida
830 3035 914 3100 bella
938 3039 970 3100 et
993 3037 1138 3098 cruentas
1162 3032 1280 3096 animo-

132 3143 244 3206 sitates
272 3141 480 3222 funereasque
503 3140 576 3205 hino
601 3141 702 3222 adque
725 3142 798 3206 inde
822 3142 972 3206 uictorias
996 3159 1127 3224 magnos
1152 3145 1280 3222 agerent

89 3276 113 3316 es
129 3248 223 3313 ludos
257 3247 445 3312 daemonum
481 3251 512 3312 ot
545 3247 666 3330 opimas
702 3250 812 3330 epulas
851 3249 1031 3312 inferorum.
1077 3245 1167 3310 Nilril
1204 3265 1278 3309 sane

130 3353 344 3419 miserabilius
364 3353 465 3436 primo
481 3353 601 3418 Punico
621 3354 704 3420 bello
725 3355 849 3434 accidit,
866 3375 960 3438 quarn
980 3353 1064 3438 qnod
1083 3353 1126 3417 ita
1145 3351 1279 3417 Romani

131 3463 208 3526 uioti
238 3465 322 3536 sunt,
351 3464 389 3524 ut
417 3461 512 3524 etiam
541 3461 685 3544 Regulus
713 3461 767 3526 ille
796 3463 969 3544 caperetur,
998 3459 1090 3524 errius
1118 3460 1148 3522 in
1177 3457 1277 3540 primo

131 3572 162 3632 et
188 3568 221 3632 in
251 3567 349 3632 altero
378 3567 458 3632 libro
487 3567 622 3633 lecimus
652 3567 852 3643 mentionem,
882 3567 931 3631 uir
957 3568 1048 3649 plane
1077 3584 1212 3649 magnus
1247 3569 1278 3628 et

131 3674 234 3738 uictor
262 3678 354 3739 antea
378 3673 578 3756 domitorque
601 3674 788 3751 Poenorum,
813 3673 867 3756 qni
891 3675 986 3738 etiam
1010 3674 1116 3755 ipsum
1140 3671 1276 3754 primum

166 3864 182 3916 2
200 3863 340 3934 triuerint]
359 3869 549 3933 terrueruntp
614 3867 628 3920 7
650 3864 721 3933 quod
740 3839 860 3926 LsCld
879 3869 903 3918 ct
921 3865 961 3918 sic
981 3865 998 3920 l.
1019 3870 1037 3916 8
1059 3863 1089 3916 0¹
1103 3863 1121 3918 cl
1201 3863 1216 3915 8
1236 3872 1275 3916 at-

132 3951 218 4006 flietae
238 3952 275 4004 L¹
349 3953 470 4006 ciuitatis
493 3953 525 4006 (ΓΙ
583 3954 614 4008 12
634 3952 788 4008 nabiumL
846 3955 877 4007 13
898 3954 936 4022 etl
957 3956 1020 4006 nte
1075 3953 1108 4005 14
1127 3951 1276 4004 scribturae

131 4040 247 4096 lediaru
269 4039 301 4094 0¹
358 4041 1050 4110 21ergobnpqonr‚q;enimet-eltuDomo.
1106 4039 1278 4108 racupiat*

132 4131 164 4184 23
183 4129 305 4199 proiectu
328 4129 351 4182 C
434 4129 530 4198 rapida
548 4129 570 4181 nl
643 4131 678 4184 26
696 4131 846 4184 mirabilius
869 4131 892 4184 C
970 4130 1072 4184 Punico
1091 4129 1164 4182 bello
1184 4128 1242 4182 Ln
1256 4131 1277 4182 ζ’

133 4217 209 4288 bem
227 4219 281 4272 bel.
301 4219 368 4273 Pon.
388 4235 404 4270 a
423 4218 520 4271 Domi.
589 4219 623 4272 28
643 4219 670 4272 in
691 4225 756 4300 ante
775 4218 860 4272 altero
880 4235 931 4274 otu.
949 4219 1011 4272 L¹e
1084 4217 1171 4272 lecim.
1191 4225 1274 4270 niorit.

131 4332 227 4402 LAp;
245 4337 329 4390 ment.
349 4333 400 4386 leo.
422 4335 468 4388 l'v
520 4335 556 4388 29
577 4336 622 4404 qui
643 4300 797 4421 etiani‘iiu
810 4334 923 4404 primum
946 4335 1019 4388 Cau.
1041 4339 1147 4388 deora.
