3072 4930
282 417 346 478 202
626 411 653 466 S.
681 410 839 464 Aurelii
866 409 1082 479 Augustini

281 608 343 672 uiri
367 609 400 672 et
421 607 578 672 ueraciter
609 606 663 689 pii,
698 606 752 688 qui
784 625 841 688 pro
873 625 949 672 uera
975 605 1130 691 religione
1153 609 1356 685 morerentur,
1383 609 1416 670 ut

281 714 379 779 falsae
403 733 421 778 a
443 713 628 779 uiuentibus
651 713 849 780 tollerentur.

728 905 866 972 CAPUT
888 906 987 972 XXX.

284 1047 431 1128 Qualia
459 1046 503 1112 de
537 1047 599 1110 dis
633 1048 816 1132 gentium
855 1049 979 1112 etiam
1008 1050 1191 1114 cultores
1225 1068 1357 1114 eorum
1382 1067 1417 1112 se

659 1155 813 1219 sentire
837 1154 1058 1220 fateantur.
1443 1173 1452 1212 r

330 1295 439 1362 Cicero
473 1316 575 1380 augur
598 1295 712 1361 inridet
745 1297 878 1381 auguria
907 1299 940 1362 et
966 1297 1083 1364 inridet
1114 1297 1259 1362 homines
1288 1293 1370 1362 comi
1391 1298 1419 1359 et

285 1403 463 1468 corniculae
487 1402 620 1468 uocibus
648 1402 735 1467 uitae
765 1401 899 1469 consilia
926 1402 1135 1469 moderantes.
1182 1403 1245 1470 Sed
1268 1403 1329 1468 iste
1350 1403 1418 1467 Aca-

286 1508 439 1586 demicus,
474 1511 529 1591 qui
553 1509 659 1573 omnia
682 1528 752 1574 esse
776 1508 939 1575 contendit
965 1510 1095 1588 incerta,
1128 1508 1279 1595 indignus
1304 1513 1351 1576 est
1372 1509 1418 1591 qui

285 1615 400 1679 habeat
423 1615 522 1680 ullam
546 1616 578 1679 in
601 1615 651 1679 his
675 1615 770 1679 rebus
795 1614 1027 1680 anctoritatem.
1074 1615 1228 1699 Disputat
1258 1619 1419 1698 aputeum

286 1719 423 1800 Quintus
445 1721 588 1787 Lucilius
611 1722 732 1787 Balbus
756 1721 788 1786 in
812 1721 950 1787 secundo
975 1721 1013 1786 de
1038 1721 1168 1787 deorum
1195 1727 1310 1786 natura
1337 1722 1418 1798 libro,
1434 1741 1453 1779 a

286 1833 319 1894 et
342 1847 415 1893 oum
438 1829 507 1912 ipse
532 1827 776 1912 superstitiones
800 1848 836 1893 er
855 1833 967 1893 natura
989 1848 1094 1893 rerum
1116 1829 1209 1893 uelut
1232 1828 1375 1913 physicas
1394 1831 1420 1891 et

286 1935 523 2020 philosophicas
556 1937 685 2014 inserat,
717 1935 901 2020 indignatur
932 1939 1037 1999 tamen
1075 1935 1272 2000 institutioni
1304 1935 1419 2000 simula·

287 2061 412 2108 crorum
436 2045 468 2107 et
487 2042 688 2126 opinionibus
706 2041 863 2107 fabulosis
885 2041 932 2106 ita
949 2041 1097 2124 loquens:
1125 2040 1300 2108 ‘Videtisne
1322 2041 1419 2128 igitir,

287 2152 325 2212 ut
343 2169 361 2214 a
378 2149 520 2232 physicis
537 2149 631 2215 rebus
650 2149 730 2214 bene
750 2148 852 2233 adque
871 2149 994 2214 utiliter
1011 2149 1150 2214 inuentis
1169 2149 1250 2214 ratio
1272 2149 1315 2216 sit
1332 2149 1419 2212 tracta

288 2256 328 2321 ad
352 2257 591 2322 commenticios
616 2260 648 2322 et
669 2257 762 2322 fictos
787 2256 884 2322 deos?
918 2255 1005 2336 Quae
1033 2275 1083 2320 res
1113 2256 1224 2340 genuit
1246 2256 1342 2322 falsos
1364 2253 1453 2336 opi-o

286 2364 396 2428 niones
427 2381 612 2446 erroresque
639 2363 841 2429 turbulentos
870 2367 903 2427 et
930 2363 1173 2446 superstitiones
1201 2382 1300 2448 paene
1323 2361 1420 2427 aniles.

267 2495 268 2498 ¹
286 2469 328 2534 Et
345 2471 465 2534 formae
484 2471 567 2534 enirn
586 2470 677 2534 nobis
693 2470 823 2534 deorum
843 2473 876 2534 et
894 2473 1013 2534 aetates
1033 2473 1065 2534 et
1083 2471 1222 2535 uestitus
1242 2472 1420 2550 ornatusque

287 2575 464 2656 uotiuum,
496 2596 611 2660 genera
635 2580 805 2661 praeterea,
835 2575 993 2660 coniugia,
1018 2577 1232 2659 cognationes,
1266 2577 1420 2656 omniaque

287 2682 435 2748 traducta
467 2683 506 2748 ad
538 2683 782 2748 similitudinem
815 2683 1033 2748 inbecillitatis
1070 2683 1236 2748 humanae.
1283 2682 1362 2748 Nam
1395 2687 1421 2742 et

287 2789 480 2872 perturbatis
505 2790 618 2854 animis
642 2789 850 2866 inducuntur3
880 2789 1061 2872 accepimus
1085 2790 1168 2854 enim
1193 2789 1321 2854 deorum
1345 2785 1421 2870 cupi·
1435 2799 1454 2838 2⁰

288 2896 404 2960 ditatos
429 2896 643 2981 aegritudines
666 2895 857 2962 iracundias.
904 2894 1080 2972 Nascere,
1109 2899 1147 2960 ut
1168 2896 1294 2960 fabulae
1317 2895 1420 2967 ferunt,

289 3001 321 3067 di
343 3002 436 3068 bellis
456 3002 649 3086 proeliisque
669 3007 851 3081 caruerunt3
875 3021 933 3066 neo
958 3002 1073 3081 solum,
1096 3006 1134 3066 ut
1153 3005 1230 3084 aput
1248 3003 1421 3074 Homerum,

289 3128 361 3174 cum
381 3109 460 3176 duos
486 3111 640 3174 exercitus
661 3111 834 3176 contrarios
854 3110 908 3174 alii
928 3109 960 3174 di
979 3129 1015 3174 ex
1034 3110 1096 3174 alia
1113 3114 1202 3193 parte
1222 3108 1420 3174 defenderent.

289 3215 344 3280 sed
369 3217 463 3280 etiarn
492 3213 544 3302 (ut
567 3236 640 3282 curn
664 3217 787 3282 Titanis
812 3221 868 3281 aut
891 3235 964 3280 oum
989 3213 1195 3300 Gigantibus)
1224 3235 1281 3281 sua
1308 3211 1421 3298 proprio

377 3423 505 3479 sarain.
523 3423 558 3489 11,
578 3425 612 3478 or
669 3425 702 3479 ro
722 3425 751 3481 c.
771 3425 804 3479 as
868 3425 903 3478 aa
922 3423 954 3477 n.
973 3423 1030 3488 xx,
1049 3424 1083 3478 or
1104 3441 1162 3494 sqq.

326 3575 338 3626 1
367 3573 403 3626 vc
424 3538 499 3628 farsas
511 3539 673 3629 inuentibus
694 3575 718 3629 o
737 3575 770 3629 or
788 3576 871 3629 toruo
890 3575 991 3644 caprea
1010 3575 1121 3640 anxa
1148 3575 1218 3630 rasa
1236 3592 1269 3630 aa
1286 3575 1383 3629 nuent.
1400 3586 1422 3632 e

288 3661 356 3715 false
375 3662 478 3716 uiuent.
498 3663 544 3729 o¹‚·
561 3663 631 3718 falsa
650 3681 666 3718 a
685 3663 787 3718 uiuent.
808 3663 840 3718 o²
911 3667 927 3717 2
947 3662 1103 3718 uibentibus
1122 3665 1150 3718 L
1221 3665 1238 3718 6
1258 3670 1322 3718 ante
1340 3663 1420 3718 Cicero

288 3753 320 3804 in
343 3749 364 3804 C
392 3752 553 3804 correctoria
575 3768 661 3805 manu
682 3767 744 3820 sup.
768 3752 817 3807 tia.
840 3757 932 3806 motat
955 3750 998 3817 dr,
1020 3753 1234 3824 suprascriptum
1260 3753 1374 3819 fortasse
1395 3748 1421 3797 ul

288 3839 431 3906 sequentia
450 3855 510 3892 urm
529 3839 751 3894 antecedentibus
768 3840 860 3894 umbra
877 3845 908 3894 nt
927 3841 996 3896 laisa
1015 3845 1089 3904 cett,
1107 3843 1335 3910 contorquentur
1382 3849 1421 3888 ³¹1·

289 3928 363 3996 garis
381 3927 454 3980 ridet
472 3945 486 3981 e
571 3929 673 3982 inridet
692 3929 806 3998 auguria
825 3931 853 3982 et
870 3929 971 3983 inridet
988 3929 1100 3998 LA¹p‚·
1117 3929 1197 3983 inrid.
1217 3945 1279 3998 nug.
1298 3932 1327 3982 et
1343 3939 1420 3994 repre·

288 4015 385 4070 hendit
404 4013 475 4072 11²0
491 4015 551 4074 rell.
570 4034 586 4071 o
604 4017 703 4072 Domb.
761 4018 794 4072 10
813 4016 930 4082 Quintus
948 4017 1001 4072 mei
1018 4019 1112 4083 codd.;
1130 4016 1162 4082 Q.
1180 4033 1196 4070 o
1214 4017 1313 4072 Domb.
1372 4009 1420 4065 11⁸1·

288 4131 339 4184 bus
358 4131 385 4184 L
457 4135 490 4187 15
510 4098 586 4187 fletos
606 4132 640 4196 L,
659 4134 798 4187 finctosll
864 4134 895 4186 17
917 4133 1029 4187 Formae
1048 4133 1148 4189 etenim
1167 4151 1186 4186 a
1259 4135 1287 4186 et
1306 4136 1419 4186 anteue-

289 4222 445 4290 stitusaup.
461 4222 509 4278 lin.
525 4222 551 4275 L
607 4223 639 4276 19
658 4221 942 4277 innecbilitatisLll¹
998 4223 1032 4277 20
1050 4221 1256 4292 perturuatisL
1310 4223 1343 4276 22
1359 4227 1419 4270 ome·

290 4327 347 4362 rura
367 4309 438 4364 LA¹
528 4312 563 4364 23
591 4327 622 4364 ex
647 4311 699 4365 alia
718 4311 778 4364 LA
790 4311 984 4379 Oabdepo;
1006 4311 1061 4365 alia
1079 4327 1110 4365 er
1128 4310 1242 4377 Domb.,·
1266 4327 1297 4365 ex
1315 4310 1419 4371 alterno
