3164 4932
287 428 351 489 586
631 425 657 478 S.
687 424 843 478 Aurelii
871 423 1089 493 Augustini

287 639 345 682 non
372 620 491 682 fecerit.
515 619 575 683 Dei
595 619 712 700 quippe
731 618 769 682 ab
789 617 926 683 hominis
946 619 1104 683 creatione
1124 620 1259 683 cessatio
1279 621 1440 682 retrorsus

287 731 414 790 aeterna
446 726 513 790 sine
542 725 632 789 initio
662 729 749 789 tanta
777 729 836 800 est,
865 729 910 800 ut,
941 725 968 788 si
998 725 1027 788 ei
1055 725 1234 790 conferatur
1262 726 1440 806 quamlibet

287 852 401 914 magna
428 837 460 896 et
488 832 657 895 ineffabilis
685 833 895 896 numerositas
924 835 1112 912 temporum,
1142 851 1221 913 quae
1246 836 1353 896 tamen
1377 833 1439 896 tine

287 939 437 1004 conclusa
455 940 532 1002 certi
553 939 648 1020 spatii
667 939 864 1015 terminatur,
884 957 941 1002 nec
961 937 1074 1002 saltem
1093 942 1181 1002 tanta
1194 937 1298 1004 raideri
1312 939 1440 1014 debeat,

287 1049 403 1126 quanta
436 1047 463 1108 si
493 1045 610 1108 umoris
641 1045 861 1108 breuissimam
891 1047 1016 1127 guttam
1044 1044 1192 1108 uniuerso
1221 1046 1312 1116 mari,
1341 1045 1438 1110 etiam
1471 1071 1484 1106 s

287 1155 438 1231 quantum
473 1169 607 1214 oceanus
636 1150 837 1227 circumfluit,
867 1169 1089 1232 conparemus3
1120 1151 1266 1232 quoniam
1300 1152 1439 1214 istorum

287 1257 420 1322 duorum
445 1277 540 1322 unum
567 1257 695 1338 quidem
719 1258 926 1342 perexiguum
955 1263 1014 1334 est,
1044 1259 1179 1323 alterum
1207 1257 1440 1342 incomparabi-

285 1365 359 1426 liter·
376 1383 536 1447 magnum,
558 1363 613 1427 sed
633 1367 804 1445 utrumque
828 1363 967 1442 finitum;
990 1363 1071 1427 illud
1091 1383 1166 1428 uero
1190 1365 1345 1447 temporis
1368 1383 1439 1445 spa-

286 1471 377 1548 tium,
411 1471 494 1552 quod
528 1471 566 1534 ab
600 1471 706 1552 aliquo
739 1471 829 1534 initio
862 1469 1063 1554 progreditur
1095 1473 1126 1533 et
1159 1469 1266 1551 aliquo
1299 1471 1439 1534 tennino

285 1577 479 1642 cohercetur.
508 1577 725 1660 magnitudine
754 1581 1009 1659 quantacumque
1039 1575 1197 1654 tendatur,
1230 1580 1439 1658 conparatum
1461 1605 1487 1642 ro

285 1684 343 1762 illi,
377 1683 461 1764 quod
494 1683 620 1747 initium
653 1703 713 1747 non
747 1684 852 1760 habet,
880 1683 987 1747 nescio
1016 1686 1121 1747 utrum
1151 1702 1207 1765 pro
1236 1684 1369 1746 minimo
1399 1704 1437 1748 an

286 1790 392 1873 potius
415 1809 470 1872 pro
495 1791 583 1855 nullo
610 1791 824 1872 deputandum
845 1793 901 1855 est.
925 1791 1008 1854 Hinc
1029 1790 1112 1854 enim
1132 1791 1160 1855 si
1179 1810 1197 1854 a
1216 1790 1276 1854 fine
1297 1791 1350 1855 uel
1369 1792 1439 1856 bre-

284 1894 420 1960 uissima
447 1897 635 1980 singillatim
660 1901 820 1961 momenta
843 1897 1055 1969 detrahantur,
1080 1897 1281 1962 decrescente
1305 1917 1438 1962 numero

284 2002 361 2066 licet
383 2006 448 2066 tam
472 2004 602 2087 ingenti,
623 2007 660 2067 ut
680 2005 871 2068 uocabulum
891 2024 952 2069 non
976 2005 1127 2080 inueniat,
1148 2009 1324 2068 retrorsum
1349 2006 1438 2068 rede-

286 2109 369 2172 undo
385 2108 559 2192 (tamquam
581 2111 609 2175 si
627 2111 765 2175 hominis
782 2111 849 2175 dies
864 2111 902 2174 ab
917 2111 984 2190 illo,
999 2113 1031 2174 in
1046 2129 1108 2192 quo
1124 2130 1208 2174 nunc
1223 2111 1318 2187 uiuit,
1334 2131 1439 2193 usque
1460 2139 1488 2176 rs

286 2214 324 2278 ad
344 2215 445 2292 illum,
464 2218 495 2280 in
517 2237 578 2299 quo
598 2223 691 2282 natus
711 2220 770 2288 est,
792 2216 953 2301 detrahasl
968 2217 1155 2299 quandoque
1174 2217 1213 2282 ad
1231 2217 1362 2281 initium
1381 2217 1440 2280 illa

286 2321 439 2386 detractio
462 2323 661 2405 perducetur.
687 2323 720 2388 Si
745 2329 850 2388 autem
875 2324 1077 2388 detrahantur
1091 2329 1247 2388 retrorsus
1265 2324 1298 2387 in
1320 2326 1439 2408 spatio,

287 2427 370 2508 quod
403 2449 420 2492 a
453 2430 540 2494 nullo
578 2431 682 2512 coepit
719 2431 855 2507 exordio,
888 2451 950 2496 non
984 2431 1054 2495 dico
1087 2431 1277 2514 singillatim
1312 2431 1439 2494 minuta

285 2540 447 2599 momenta
475 2538 526 2601 uel
554 2537 699 2602 horarum
729 2541 784 2600 ant
807 2537 929 2602 dierum
953 2543 1009 2601 aut
1032 2557 1177 2602 mensum
1202 2543 1257 2601 aut
1281 2557 1437 2602 annorum

286 2642 382 2705 etiam
410 2644 613 2723 quantitates,
644 2643 788 2706 sedtum
812 2663 927 2726 magna
951 2644 1063 2726 spatia,
1089 2646 1206 2726 quanta
1228 2643 1286 2707 illa
1310 2661 1439 2707 summa
1458 2676 1489 2715 20

286 2750 513 2832 corrprehendit
540 2769 700 2829 annorum,
729 2771 808 2832 quae
836 2751 898 2815 iarn
923 2751 985 2815 dici
1014 2771 1032 2814 a
1059 2750 1257 2832 quibuslibet
1284 2761 1439 2832 conputa-

285 2856 407 2920 toribus
435 2877 495 2920 non
524 2860 640 2940 potest,
670 2877 749 2939 quae
777 2860 881 2921 tamen
910 2861 1142 2922 momentorum
1169 2857 1354 2920 minutatim
1383 2857 1438 2920 de-

284 2963 437 3027 tractione
470 2965 677 3040 consumitur,
710 2969 743 3027 et
775 2963 979 3027 detrahantur
1011 2964 1088 3027 haec
1121 2967 1209 3027 tanta
1241 2963 1346 3044 spatia
1373 2983 1436 3028 non

286 3069 385 3133 semel
413 3068 514 3151 adque
543 3070 658 3134 iterum
693 3070 891 3152 saepiusque,
922 3071 977 3134 sed
1005 3089 1143 3153 semper:
1177 3069 1253 3151 quid
1281 3069 1328 3146 fit,
1358 3071 1438 3152 quid

285 3177 399 3258 agitur,
428 3177 551 3257 quando
585 3196 758 3257 numquam
791 3177 830 3239 ed
861 3177 999 3254 initium,
1033 3175 1116 3258 quod
1150 3177 1275 3240 omnino
1310 3175 1436 3240 nullum
1460 3203 1490 3242 ss

286 3287 344 3360 est,
373 3283 576 3365 peruenitur?
616 3281 814 3364 Quapropter
842 3282 926 3364 quod
954 3303 1011 3346 nos
1036 3283 1129 3347 modo
1154 3282 1337 3364 quaerimus
1360 3289 1439 3363 post

285 3389 423 3470 quinque
456 3389 543 3454 milia
571 3393 603 3454 et
631 3389 714 3471 quod
743 3389 878 3453 exorrrrit
905 3409 1067 3454 asinorum.
1096 3392 1227 3472 possent
1254 3391 1286 3452 et
1314 3389 1439 3471 posteri

284 3496 379 3558 etiam
417 3499 489 3577 post
525 3515 677 3560 annorum
717 3497 909 3560 sescentiens
947 3497 1072 3561 miliens
1105 3495 1215 3560 eadem
1248 3495 1440 3559 curiositate

284 3601 450 3682 requirere,
484 3603 511 3666 si
544 3603 573 3667 in
607 3607 731 3667 tantum
764 3603 842 3666 haec
870 3603 1045 3668 mortalitas
1074 3603 1236 3668 hominum
1266 3602 1439 3666 exoriendo

318 3793 548 3847 etermineturo
621 3793 718 3846 saltam
742 3791 792 3858 V¹‚·
811 3793 932 3846 saltiml
991 3793 1185 3860 dquautaml
1246 3793 1361 3845 9initio
1381 3791 1440 3845 ali-

284 3897 371 3950 quoo
427 3881 460 3934 10
479 3885 749 3950 quantumcunquet
805 3881 975 3950 resumere]
995 3887 1169 3949 numquarnt
1225 3882 1258 3935 14
1278 3881 1442 3950 noulnost

283 3969 416 4036 inueniat]
436 3969 464 4022 in
484 3975 624 4022 numeret
679 3973 711 4023 15
730 3969 757 4020 in
777 3986 831 4038 quo
851 3969 922 4022 deest
940 3970 972 4021 ia
989 3985 1081 4023 uacuo
1099 3971 1219 4038 spoliet
1275 3970 1308 4023 16
1327 3967 1361 4021 ad
1378 3967 1442 4020 ini-

282 4059 351 4111 tium
370 4059 426 4115 illa.
446 4057 519 4112 deest
537 4058 568 4111 ia
586 4073 678 4110 uacuo
696 4058 798 4126 spatio,
818 4063 829 4110 t
905 4059 937 4111 11
957 4057 1119 4127 perducetur
1138 4073 1190 4111 ons.
1211 4058 1240 4110 a¹
1331 4061 1442 4110 retror—

282 4163 397 4214 sumep
454 4149 486 4201 18
506 4147 704 4216 singillaturnt
759 4149 791 4201 19
810 4163 931 4201 mensum
952 4146 1081 4214 Vbe¹t¹;
1100 4163 1241 4201 mensuum
1258 4147 1281 4212 1,·
1299 4145 1442 4201 anensium

284 4233 422 4303 ae²pt²o
494 4238 526 4289 21
557 4235 779 4306 conputatoribus
800 4235 819 4288 2¹
893 4237 927 4290 23
956 4237 1114 4290 detrahatur
1138 4235 1171 4287 V¹
1247 4233 1442 4304 arquata

283 4325 315 4375 21
336 4324 499 4392 possintal
554 4325 689 4377 idetianr
710 4340 760 4378 om.
781 4325 875 4388 θίοι)Ε
927 4325 1148 4380 29haecom.t
