3108 4926
360 445 410 500 De
439 446 613 501 ciuitate
642 447 704 502 dei
732 449 797 505 lib.
826 449 871 504 VI.
902 467 976 519 cap.
1005 453 1030 505 4.
1205 455 1270 518 275

117 641 287 722 pertinent,
312 641 345 706 id
373 644 424 706 est
450 640 490 706 cd
516 642 584 707 dies
612 643 724 722 festor,
753 645 798 709 ita
826 648 863 709 ut
893 665 987 710 unum
1017 664 1124 710 eorum
1154 646 1271 712 faceret

118 747 155 812 de
181 747 283 826 feriis,
308 749 442 813 alterum
471 749 509 814 de
536 750 621 815 ludis
650 751 855 830 circensibus,
880 752 918 816 de
946 752 1099 817 scaenicis
1124 753 1269 830 tertium3

118 857 305 936 quartorum
333 855 431 920 trium
460 855 499 920 ad
527 875 617 922 sacra
643 857 871 941 pertinentium
898 857 955 923 uni
989 858 1077 923 dedit
1109 877 1270 924 consecra-

116 960 232 1041 tiones,
248 962 342 1028 alteri
357 981 446 1028 sacra
459 963 594 1047 priuata,
609 963 722 1030 ultimo
741 965 879 1048 publica.
903 965 994 1030 Hane
1013 966 1105 1030 uelut
1121 984 1269 1048 pompam

86 1089 100 1128 a
118 1067 348 1151 obsequiorum
370 1069 402 1133 in
425 1069 540 1148 tribue,
560 1071 616 1152 qui
638 1075 769 1148 restant,
793 1071 825 1136 di
848 1073 909 1154 ipsi
933 1077 1110 1156 sequuntur
1128 1073 1268 1150 extremi,

117 1173 234 1255 quibus
259 1175 322 1240 iste
346 1177 513 1242 uniuersus
538 1176 645 1241 cultus
668 1178 819 1260 inpensus
845 1181 909 1243 est:
937 1179 1093 1261 inprime
1119 1179 1150 1243 di
1179 1179 1267 1256 certi,

116 1279 146 1344 in
171 1281 315 1347 secundo
334 1281 456 1363 incerti,
475 1283 507 1348 in
526 1285 621 1350 tertio
642 1287 827 1351 cunctorum
852 1285 1027 1351 nouissimo
1052 1285 1085 1351 di
1107 1285 1269 1370 praecipui

116 1390 220 1474 adque
246 1390 367 1456 selecti.

578 1513 714 1580 CAPUT
737 1515 811 1580 ΙΠΙ.

5 1669 6 1674 1
75 1657 101 1696 ro
119 1635 233 1716 Quod
261 1656 303 1701 ex
328 1637 613 1720 disputatione
633 1639 827 1704 Varronis
852 1641 949 1722 aput
972 1640 1156 1704 cultores
1182 1639 1266 1704 deo·

187 1763 274 1807 rum
299 1743 559 1827 antiquiores
583 1763 646 1809 res
670 1745 866 1809 humanae
890 1763 1004 1828 quam
1029 1745 1195 1810 diuinae

556 1849 827 1934 reperiantur.

158 1976 197 2040 In
212 1974 271 2039 hac
291 1977 361 2040 tota
380 1976 461 2039 serie
480 1974 709 2057 pulcherrimae
729 1995 765 2039 ac
785 1974 1013 2040 subtilissimae
1034 1975 1266 2040 distributionis

116 2087 148 2146 et
176 2081 391 2147 distinctionis
420 2081 521 2146 uitam
549 2084 707 2147 aeternam
735 2082 853 2146 frustra
881 2083 989 2164 quaeri
1017 2085 1049 2146 et
1077 2082 1196 2165 sperari
1220 2083 1264 2148 in-

77 2215 98 2252 u
115 2188 350 2272 pudentissime
378 2189 430 2252 uel
459 2189 571 2270 optari,
602 2208 637 2252 ex
664 2189 724 2264 his,
755 2208 834 2271 quas
863 2188 926 2253 iam
955 2188 1092 2252 diximus
1121 2191 1153 2252 et
1185 2207 1265 2271 quae

116 2296 266 2378 deinceps
295 2294 428 2360 dicenda
456 2298 540 2372 sunt,
570 2295 673 2360 cuiuis
702 2295 877 2372 hominum,
901 2295 956 2378 qui
983 2294 1077 2360 corde
1106 2294 1264 2360 obstinato

4 2403 5 2406 ’
116 2403 178 2467 sibi
201 2421 263 2468 non
287 2402 383 2466 fuerit
405 2401 564 2480 inimicus,
584 2403 734 2466 facillime
754 2405 890 2486 apparet.
915 2401 973 2466 Vel
991 2401 1157 2466 hominum
1182 2402 1264 2466 enim

116 2511 192 2573 sunt
224 2509 287 2574 ista
318 2507 468 2574 instituta
499 2510 554 2573 uel
585 2509 785 2587 daemonum,
819 2527 879 2573 non
918 2508 1027 2591 quales
1065 2510 1182 2572 uocant
1218 2508 1265 2571 illi

116 2615 286 2682 daemones
314 2615 424 2693 bonos,
454 2615 520 2692 sed,
544 2617 582 2680 ut
607 2615 719 2698 loquar
747 2617 897 2698 apertius.
920 2614 1146 2679 inmundorum
1174 2613 1265 2695 epiri-

75 2745 99 2788 20
116 2726 207 2786 tuum
237 2725 270 2785 et
297 2722 365 2786 sine
394 2721 610 2787 controuersia
634 2723 854 2806 malignorum,
880 2722 934 2805 qui
958 2720 1065 2786 noxias
1089 2719 1264 2802 opiniones,

117 2830 234 2912 quibus
258 2829 363 2894 anima
385 2829 524 2893 humana
546 2829 649 2914 magis
674 2831 838 2913 magisque
862 2831 1013 2893 uanescat
1036 2830 1068 2890 et
1090 2827 1264 2891 incommu-

117 2936 207 3001 tabili
232 2941 439 3017 aeternaeque
463 2935 592 3000 ueritati
612 2935 750 3018 coaptari
769 2935 871 3018 adque
889 2934 1050 2998 inhaerere
1070 2951 1131 2996 ncn
1150 2930 1263 3015 possit,

116 3041 293 3106 inuidentia
314 3039 453 3104 mirabili
476 3043 508 3104 et
532 3041 656 3106 occulte
675 3041 819 3108 inserunt
837 3037 1086 3125 cogitationibus
1104 3037 1261 3126 inpiorum

117 3151 149 3212 et
175 3151 283 3230 aperte
311 3146 478 3229 aliquando
507 3147 655 3232 ingerunt
682 3148 829 3212 sensibus
859 3151 891 3211 et
914 3166 976 3229 qua
1000 3148 1135 3228 possunt
1158 3145 1264 3210 fallaci

74 3279 99 3320 re
117 3255 325 3320 adtestatione
354 3253 548 3319 confirmant.
586 3254 651 3317 Iste
683 3254 752 3336 ipse
781 3253 878 3318 Varro
911 3255 1077 3336 propterea
1110 3271 1143 3316 se
1175 3251 1262 3334 prius

118 3363 153 3426 ds
176 3362 272 3426 rebus
296 3360 453 3433 humanit,
474 3359 512 3423 de
536 3359 653 3424 diuinis
673 3363 778 3424 autem
798 3363 909 3441 postea
928 3358 1096 3441 scripsisse
1116 3359 1261 3434 testatur,

117 3470 200 3551 quod
228 3468 316 3552 prius
345 3465 505 3531 extiterint
533 3466 691 3543 ciuitates,
721 3466 833 3531 deinde
862 3466 899 3530 ab
930 3465 975 3529 eis
1003 3463 1081 3530 haec
1114 3463 1263 3529 instituta

117 3576 187 3642 sint.
211 3575 294 3640 Vera
317 3577 424 3639 autem
447 3573 640 3658 religionen
660 3593 677 3636 a
696 3577 817 3638 terrena
837 3574 943 3656 aliqua
962 3571 1093 3636 ciuitate
1114 3569 1262 3635 instituta

151 3768 163 3820 1
184 3767 213 3821 id
233 3767 286 3835 est]
306 3766 373 3819 istes
393 3780 406 3819 e
460 3765 500 3818 ita
520 3767 551 3816 ut
572 3763 657 3833 t'qof
675 3765 715 3820 ita
734 3780 786 3818 om.
804 3765 863 3818 rell.
882 3763 983 3818 Domb.
1040 3763 1057 3815 2
1076 3762 1147 3826 circ,
1165 3763 1175 3814 i
1195 3778 1261 3816 eae

114 3857 236 3922 corr.,O
307 3855 545 3910 3consecratioe
607 3857 771 3909 bsecuntur
791 3852 845 3906 C¹t
906 3854 984 3907 beet
1001 3867 1035 3904 m.
1055 3854 1070 3902 1
1087 3865 1147 3918 sup.
1168 3848 1264 3906 lenc

115 3948 129 3999 7
148 3944 314 4000 insecundo
333 3944 432 3998 incerti
450 3961 484 4000 m.
503 3948 519 3996 1
536 3960 596 4012 cup.
617 3944 665 3997 tiu.
688 3943 711 3996 0
764 3943 780 3996 8
801 3943 901 4002 selecti,
921 3941 980 3994 sire
997 3955 1052 3993 rae.
1073 3938 1183 3992 litterae
1201 3937 1264 4003 r,C

116 4036 147 4088 12
165 4035 355 4104 repperiantur
377 4033 400 4087 G
492 4035 525 4088 13
544 4031 978 4102 pulcherrimus-subtilissimae,
995 4045 1059 4083 am.
1080 4030 1100 4080 2
1117 4027 1148 4080 ire
1165 4041 1222 4080 ras.
1240 4027 1263 4078 0

115 4149 297 4204 distinctionis
318 4151 347 4203 et
366 4147 598 4203 distributioniet
690 4149 723 4202 14
747 4113 897 4218 quaeriiC
986 4145 1018 4198 15
1045 4143 1134 4196 obteri
1153 4143 1181 4196 et
1200 4143 1261 4196 ext

116 4266 146 4318 16
166 4231 323 4337 deirsepsC
395 4265 469 4320 cuius
491 4263 595 4320 edel
620 4295 621 4298 =
649 4263 902 4334 recogitatione
960 4261 993 4314 27
1013 4261 1142 4314 instituta
1161 4275 1212 4313 om.
1233 4257 1259 4312 b¹

115 4356 299 4410 constitutae

1176 4454 1224 4508 18*
