3136 4928
377 454 426 508 De
456 453 630 510 ciuitate
659 453 719 508 dei
747 454 814 509 lib.
839 455 886 509 XI.
911 472 986 527 cap.
1011 457 1055 511 23.
1222 462 1275 524 54¹

137 648 231 727 enim,
252 665 331 731 quos
351 648 491 732 appellat
508 650 573 732 sept
592 645 707 736 ἀρχῶν,
725 649 759 714 id
778 651 828 715 est
846 650 884 715 de
903 650 1077 734 principiis,
1097 651 1157 717 hoo
1177 653 1287 732 sensit,

137 757 198 822 boc
226 755 365 840 scripsit.
402 755 466 821 Ubi
491 756 565 838 plus
594 774 689 839 quem
718 756 780 821 dici
808 760 917 840 potest
944 757 1041 823 miror
1068 758 1227 826 bominem
1255 760 1287 825 in

137 863 364 928 ecclesiasticis
383 861 499 928 litteris
518 865 583 926 tarn
604 864 734 926 doctum
754 866 786 927 et
800 864 1005 929 exercitatum
1019 885 1080 930 non
1096 865 1288 946 adtendisse,

136 971 276 1054 primurn
308 988 401 1052 quam
429 969 489 1034 hoe
518 971 606 1034 asset
633 969 825 1035 eontrarium
853 972 1028 1055 scripturae
1056 973 1151 1037 huius
1181 975 1287 1039 tantae

110 1076 338 1142 tauctoritatis
361 1075 537 1152 intentioni,
563 1095 643 1159 quae
666 1095 723 1159 per
747 1077 852 1142 omnis
874 1097 969 1162 opera
992 1078 1051 1144 Dei
1075 1079 1288 1165 subiungens:

138 1183 186 1248 nt
212 1183 322 1248 uidit
345 1183 462 1261 Deus,
488 1182 581 1265 quia
607 1183 753 1248 bonum
787 1187 859 1262 est,
889 1185 1107 1268 conpletisque
1141 1187 1288 1252 omnibus

137 1292 289 1356 inferens:
322 1291 370 1355 lit
401 1289 510 1354 uidit
538 1291 644 1355 Deus
679 1290 818 1370 omnis,
849 1311 948 1374 qnae
981 1293 1094 1370 fecit,
1124 1296 1163 1358 et
1195 1312 1287 1358 eece

138 1397 241 1462 bona
268 1395 397 1472 ualde,
420 1395 541 1460 nullam
569 1395 664 1461 aliam
693 1415 822 1462 oausam
849 1397 988 1462 faciendi
1010 1397 1121 1463 mundi
1144 1397 1289 1484 intellegi

137 1503 253 1578 noluit,
268 1501 329 1568 nisi
348 1506 386 1566 nt
402 1502 485 1566 bona
502 1501 615 1566 fierent
633 1521 651 1566 a
668 1501 750 1567 bono
770 1502 847 1568 Deo.
871 1503 935 1569 Ubi
954 1503 983 1568 si
1001 1523 1094 1569 nomo
1111 1509 1288 1588 peccasset,

96 1631 119 1670 ιο
137 1607 358 1674 tantummodo
391 1609 512 1672 naturis
539 1607 631 1674 bonis
661 1611 748 1674 esset
773 1609 912 1674 mundns
943 1613 1071 1675 umatus
1100 1612 1132 1674 et
1158 1612 1287 1694 plenum

138 1718 173 1780 et
195 1714 268 1796 quie
289 1718 457 1798 peccatum
481 1717 540 1791 est,
565 1735 625 1780 non
648 1715 720 1780 ideo
744 1718 860 1781 cuncta
888 1720 964 1781 sunt
988 1715 1110 1799 inpleta
1137 1718 1288 1801 peccatis,

138 1841 212 1888 eum
231 1822 385 1887 bonorum
404 1823 497 1905 longe
516 1822 617 1886 maior
635 1840 786 1888 numerus
805 1823 837 1886 in
857 1823 1050 1888 caelestibus
1066 1843 1142 1888 snae
1158 1827 1289 1888 naturae

138 1928 279 1994 ordinem
305 1931 425 2004 seruet;
449 1945 507 1992 nec
531 1929 616 1993 mala
637 1927 799 2006 uoluntas,
819 1929 894 2012 quie
916 1933 1047 1995 naturae
1067 1929 1207 1995 ordinem
1227 1949 1289 1995 ser·

138 2053 214 2100 nere
238 2035 350 2112 noluit,
368 2034 440 2100 ideo
463 2033 542 2099 iusti
561 2033 620 2098 Dei
638 2035 728 2118 leges
749 2035 853 2100 omnia
870 2035 949 2100 bane
969 2035 1142 2102 ordinantis
1162 2035 1288 2121 effugit;

94 2160 119 2200 1⁵
140 2141 289 2226 quoniam
319 2141 405 2207 sicut
429 2142 555 2225 pictura
581 2160 653 2206 oum
684 2141 787 2206 colore
812 2142 900 2225 nigro
924 2142 996 2208 loco
1020 2161 1079 2207 suo
1103 2142 1220 2225 posito,
1244 2142 1291 2206 ita

138 2248 332 2314 uniuersitas
361 2267 476 2326 rerum,
500 2247 529 2312 si
556 2249 627 2331 quis
651 2248 756 2332 possit
777 2247 905 2326 intueri,
929 2248 1026 2314 etiam
1050 2268 1122 2314 oum
1147 2252 1289 2332 peceato·

137 2355 229 2420 ribus
265 2355 398 2437 pulchra
435 2358 494 2433 est,
527 2355 675 2438 quemuis
707 2373 763 2438 per
795 2373 830 2420 se
862 2354 950 2438 ipsos
983 2355 1198 2422 consideratos
1232 2375 1290 2420 sna

139 2463 325 2528 deformitas
348 2465 464 2544 turpet.
857 2470 859 2474 ’
1150 2529 1152 2536 ,

185 2567 308 2633 Deinde
331 2567 438 2633 uidere
462 2567 573 2634 debuit
592 2566 745 2652 Origenes
769 2572 802 2634 et
825 2569 1017 2651 quicumque
1040 2568 1086 2632 ita
1105 2569 1242 2651 sapiunt,
1262 2568 1290 2632 si

93 2695 121 2736 so
139 2675 220 2741 haec
247 2676 353 2759 opinio
382 2695 458 2740 uera
480 2677 577 2753 esset,
601 2675 764 2740 mundum·
779 2675 850 2740 ideo
873 2675 1004 2753 factum,
1030 2677 1066 2739 ut
1088 2674 1210 2739 animae
1233 2693 1289 2757 pro

139 2781 264 2847 meritis
287 2785 488 2864 peecatorum
514 2801 645 2846 suorum
667 2783 831 2864 tamquam
850 2781 1021 2866 ergastula,
1042 2781 1158 2864 quibus
1177 2799 1290 2864 poene-

138 2890 214 2955 liter
249 2887 493 2966 includerentur,
526 2907 658 2972 corpora
689 2888 877 2971 acciperent,
911 2887 1076 2970 superiora
1106 2890 1139 2952 et
1169 2885 1290 2951 leuiora

141 3014 222 3079 qnae
249 2996 364 3071 minus,
392 2995 541 3061 inferiora
567 3014 642 3059 uero
670 2997 703 3059 et
731 2995 877 3079 grauiora
905 3013 985 3077 quae
1014 2993 1152 3077 amplius
1181 3011 1291 3076 peona-

140 3106 266 3180 uerunt,
292 3101 470 3179 daemones,
494 3102 611 3184 quibus
640 3102 778 3166 deterius
806 3101 886 3166 nihil
915 3103 1123 3177 ostionem
1151 3117 1290 3180 corpore,

92 3229 120 3268 ss
141 3209 260 3294 quibus
291 3208 422 3274 inferius
455 3211 487 3274 et
519 3209 648 3293 grauius
681 3209 762 3273 nibil
793 3210 853 3286 est,
880 3207 991 3290 potius
1024 3226 1118 3290 qnam
1146 3203 1290 3269 homines

140 3315 239 3380 etiarn
266 3314 366 3380 bonos
393 3315 507 3379 habere
535 3313 693 3380 debuisse.
730 3313 824 3379 Nunc
852 3332 938 3391 uero,
967 3315 1004 3376 ut
1030 3311 1290 3395 intellegeremus

140 3422 317 3488 animarum
349 3421 462 3488 merita
493 3440 554 3487 nou
588 3421 796 3505 qualitatibus
825 3439 992 3503 corporum
1021 3437 1091 3485 esse
1118 3415 1290 3502 pensanda,

141 3529 262 3594 aerium
290 3529 450 3611 pessimus
480 3529 622 3608 daemon,
646 3529 740 3593 horno
769 3529 945 3604 autemst
972 3545 1055 3590 nuno
1081 3525 1160 3589 licet
1187 3521 1290 3587 malus

139 3637 236 3720 longe
268 3637 399 3702 minoris
431 3635 631 3718 mitiorisque
658 3635 810 3714 malitiae,
839 3638 872 3698 et
899 3637 983 3698 certe
1013 3635 1085 3697 ante
1111 3632 1290 3712 peccatum,

91 3765 119 3803 so
140 3745 247 3806 tamen
271 3742 394 3806 luteum
419 3760 533 3824 corpus
553 3740 684 3824 accepit.
710 3738 795 3818 Quid
813 3741 920 3804 antem
940 3735 1072 3802 stultius
1092 3735 1155 3800 diei
1172 3736 1290 3816 potest,

180 3976 406 4046 lappellabatb
479 3975 595 4032 sentitt
648 3977 752 4030 testi
826 3975 854 4027 et
871 3972 979 4028 bninst
1033 3967 1193 4026 Blacieado
1212 3983 1291 4022 mnn-

142 4095 207 4148 dum
230 4111 267 4162 p;
293 4091 447 4148 iaciendum
475 4091 603 4145 mundum
635 4096 646 4144 t
754 4090 787 4143 10
817 4087 949 4151 naturnlii
977 4086 1042 4141 boni
1075 4085 1102 4140 V
1219 4085 1292 4136 esset

140 4183 255 4238 bonisb
328 4167 519 4246 ordinetusV
581 4181 613 4236 15
632 4181 723 4251 posito
747 4179 1132 4248 Vblf,·positsocptao
1198 4175 1228 4228 17
1249 4176 1293 4226 est

141 4276 219 4327 omi
275 4271 308 4324 19
327 4270 378 4340 ita]
397 4272 493 4336 istam
510 4269 550 4322 sic
567 4267 742 4323 scribendum
760 4283 815 4321 esse
827 4266 986 4335 suspicatur
998 4264 1097 4320 Domb.
1152 4265 1186 4318 26
1204 4261 1291 4315 bonos

141 4359 235 4425 cedd.,·
254 4359 374 4413 melosa
429 4358 464 4412 30
482 4358 618 4412 stultitius
638 4362 649 4410 t

168 4485 250 4526 xxxx
264 4483 323 4533 Ant.
337 4493 408 4533 opera
422 4483 497 4523 Scotto
513 4483 531 4524 V
545 4492 598 4531 paru
611 4482 631 4524 1,
1221 4456 1254 4509 35
