3108 4926
634 440 660 496 S.
688 438 844 493 Aurelii
871 439 1089 509 Augustini

721 635 858 702 CAPUT
881 635 1015 702 XVIIII.

333 779 387 842 De
411 777 847 860 interpretationibus,
872 777 1021 860 quibus
1045 775 1207 841 colendi
1233 775 1391 842 Saturni

658 883 763 947 ratio
790 882 1068 947 concinnatur.

337 1023 530 1100 ‘Saturnum
550 1023 662 1106 inquit,
683 1023 837 1100 dixerunt,
858 1041 939 1105 quaa
958 1025 1031 1087 nata
1050 1041 1086 1086 er
1110 1041 1146 1087 eo
1172 1027 1290 1100 essent,
1309 1023 1429 1088 salitum
1529 1045 1530 1090 l

293 1133 452 1205 deuorare,
472 1129 556 1212 qued
576 1147 611 1194 eo
632 1131 764 1206 semina,
784 1129 866 1193 unde
890 1133 1103 1208 nascerentur,
1122 1111 1270 1194 redirent.
1294 1131 1332 1194 Ilt
1353 1131 1430 1211 qued
1457 1147 1468 1186 ε

293 1237 341 1301 illi
368 1255 424 1320 pro
452 1237 529 1301 que
558 1235 651 1318 gleba
679 1235 803 1300 obieeta
830 1239 880 1300 est
913 1235 1101 1314 deauranda,
1130 1235 1300 1320 signifieat,
1326 1236 1431 1318 inquit.

293 1343 440 1408 manibus
478 1342 625 1407 humanis
664 1343 754 1408 obrui
791 1346 920 1426 coeptas
955 1343 1086 1408 serendo
1120 1343 1239 1429 fruges,
1273 1346 1430 1425 antequam

293 1451 418 1515 utilitas
446 1449 554 1513 arandi
579 1453 664 1514 esset
687 1450 839 1516 inuenta)
876 1450 1030 1515 Saturnus
1055 1469 1129 1533 erga
1154 1450 1217 1514 diei
1242 1450 1350 1514 debuit
1369 1448 1433 1530 ipsa

294 1560 387 1634 term,
421 1576 482 1621 non
516 1557 647 1632 semina;
683 1557 753 1638 ipsa
786 1557 869 1621 enim
903 1555 1038 1638 quodam
1072 1557 1165 1622 modo
1200 1557 1331 1623 denerat
1361 1573 1432 1637 quae

295 1664 449 1748 genuerit,
478 1682 550 1727 eum
580 1683 615 1727 ex
644 1682 680 1727 ea
707 1667 781 1727 nata
809 1663 929 1728 semina
955 1664 987 1726 in
1021 1682 1090 1727 eam
1121 1683 1232 1728 rursus
1265 1662 1433 1745 recipienda
1448 1683 1468 1718 u

294 1769 453 1835 redierint.
491 1769 534 1833 Et
561 1767 644 1851 qnod
672 1788 728 1852 pro
756 1770 833 1833 Ioue
861 1769 1022 1850 accepisse
1055 1767 1171 1832 dieitur
1203 1769 1339 1852 glebam,
1366 1767 1433 1851 quid
1529 1821 1530 1862 p

295 1875 355 1941 hoe
380 1877 417 1939 ad
441 1875 474 1940 id
496 1876 594 1949 ualet,
615 1876 699 1959 quod
723 1876 868 1940 manibus
892 1875 1056 1939 hominum
1077 1895 1184 1940 semen
1204 1876 1299 1959 gleba
1317 1882 1433 1958 eoo'per-
1529 1867 1530 1884 *

295 1986 365 2047 tum
389 1983 460 2047 est?
484 1982 648 2065 Numquid
671 1983 743 2047 ideo
767 2002 828 2047 nen
854 1986 912 2059 est,
936 1987 973 2046 ut
997 1985 1111 2060 cetera,
1137 1982 1335 2058 deuoratum,
1359 1981 1433 2064 quod

296 2089 389 2174 gleba
421 2093 604 2172 coopertum
640 2093 710 2154 est?
751 2091 801 2154 lta
829 2090 911 2153 enim
939 2089 1000 2153 hee
1029 2089 1149 2152 dietum
1180 2095 1239 2167 est,
1269 2089 1361 2171 quasi
1386 2087 1432 2170 qui

297 2195 422 2279 glebam
456 2196 605 2278 obposuit
638 2215 745 2260 semen
778 2195 956 2272 abstulerit,
990 2195 1075 2259 sleut
1108 2195 1244 2260 Saturno
1278 2195 1467 2278 perhibente

297 2303 404 2366 oblata
441 2303 535 2385 gleba
571 2301 712 2366 ablatum
743 2303 864 2378 Iouem,
899 2321 935 2366 ae
972 2320 1032 2366 non
1069 2301 1178 2383 potius
1212 2303 1304 2385 gleba
1336 2319 1431 2366 semen

298 2408 465 2490 operiendo
489 2409 598 2474 feeerit
621 2409 703 2474 illud
726 2409 911 2492 diligentius
936 2409 1090 2474 deuorari.
1119 2409 1240 2474 Deinde
1264 2410 1326 2494 isto
1351 2407 1433 2473 mode
1529 2405 1530 2480 f

299 2534 406 2580 semen
430 2519 480 2580 est
497 2515 649 2599 luppiter,
670 2535 731 2580 nen
755 2516 884 2580 seminis
909 2535 1015 2594 causa,
1040 2515 1125 2598 qued
1148 2516 1243 2597 paulo
1268 2517 1339 2579 ante
1363 2515 1434 2579 dice·

298 2622 401 2686 batur.
439 2621 501 2687 Sed
531 2623 607 2704 quid
630 2623 749 2687 faciant
771 2621 926 2698 homines,
951 2622 1016 2705 qui,
1042 2641 1114 2686 eum
1137 2641 1186 2686 res
1211 2623 1328 2687 stultas
1352 2622 1434 2685 inter·
1529 2635 1530 2704 p

298 2732 471 2809 pretantur,
487 2748 549 2792 non
565 2728 731 2793 inueniunt
749 2727 824 2810 quid
845 2729 1003 2810 sapienter
1021 2729 1165 2792 dicatur?
1183 2727 1322 2793 ‘Faleem
1339 2728 1434 2802 babet,
1449 2741 1469 2779 ²⁰
1529 2723 1530 2794 Ϊ

299 2835 413 2917 inquit,
432 2838 560 2918 propter
583 2835 834 2918 agriculturam)
858 2834 949 2899 Certe
972 2835 1028 2898 ille
1052 2838 1203 2918 regnante
1222 2835 1361 2899 nondum
1379 2835 1435 2896 erat

300 2941 503 3024 agricultura,
533 2947 565 3005 et
595 2941 666 3005 idae
700 2941 802 3022 priora
835 2941 902 3005 eius
936 2944 1080 3024 tempora
1115 2941 1329 3025 perhibentur,
1362 2940 1436 3004 sieut

299 3047 384 3111 idem
411 3048 480 3129 ipse
508 3048 642 3112 fabellas
671 3049 908 3130 interpretatur,
938 3049 1012 3130 quia
1039 3048 1133 3130 primi
1161 3049 1305 3114 homines
1333 3069 1368 3113 er
1392 3046 1435 3109 bis

300 3155 453 3219 uiuabant
481 3155 666 3232 seminibus,
697 3175 776 3238 quae
804 3159 888 3220 terra
915 3160 1028 3239 sponte
1057 3157 1216 3240 gignebat.
1253 3160 1301 3220 An
1334 3155 1435 3220 faleem

302 3264 425 3344 seeptro
454 3261 577 3341 perdita
607 3261 738 3344 aceepit,
762 3265 808 3338 ut,
835 3262 888 3344 qui
915 3261 1026 3343 primis
1050 3263 1247 3345 temporibus
1270 3281 1323 3328 rex
1345 3262 1468 3326 luente

303 3368 436 3442 otiosus,
461 3367 526 3431 filia
551 3371 701 3452 regnante
725 3367 816 3432 fieret
834 3369 995 3451 operarius
1014 3369 1215 3434 laboriosus?
1237 3369 1358 3434 Deinde
1375 3367 1435 3430 ideo

303 3473 381 3537 dleit
404 3492 422 3535 a
445 3473 637 3555 quibusdam
662 3493 777 3556 pueros
802 3475 829 3538 ei
855 3475 967 3540 solitos
991 3475 1158 3552 immolari,
1180 3477 1265 3541 sicut
1287 3472 1436 3542 aPoenis,

304 3582 336 3643 et
364 3599 381 3642 a
410 3579 599 3660 quibusdam
629 3581 725 3646 etiam
752 3581 897 3658 maiores,
923 3581 1007 3646 sieut
1030 3601 1048 3645 a
1072 3580 1185 3659 Gallis,
1210 3581 1286 3664 qnia
1308 3579 1434 3646 emnium

303 3685 459 3750 seminum
483 3686 639 3769 optimum
664 3692 713 3751 est
735 3705 835 3772 genus
859 3687 1042 3752 humanum.
1076 3688 1122 3752 De
1146 3687 1205 3753 bae
1229 3683 1436 3752 crudelissima

338 3901 663 3972 ⁴tSat.quiddixerintl
708 3904 837 3973 ssglaeua
850 3903 882 3956 01
930 3903 1113 3958 lsereudase
1159 3905 1290 3975 9qnode
1336 3903 1367 3957 10
1381 3899 1434 3952 null

303 3993 418 4062 semina]
439 3994 605 4046 seminatae
674 3993 707 4046 12
726 3991 828 4062 glebas,
847 4010 873 4046 m
894 3991 1018 4058 eras.,O
1085 3993 1117 4047 13
1135 3993 1275 4062 numquid,
1295 3989 1356 4062 quid
1373 3984 1435 4041 m.2

304 4097 363 4150 saep.
385 4082 473 4146 ibat
559 4097 612 4150 quo
632 4081 657 4134 0¹
730 4084 763 4134 14
784 4086 940 4152 coopertum
961 4087 1079 4150 estsup.
1101 4081 1180 4136 aaz
1268 4071 1435 4152 quintia

305 4170 438 4238 inerpG
492 4171 524 4224 15
544 4170 689 4224 abstulitl
745 4172 776 4224 16
797 4171 917 4225 oblatam
936 4171 1081 4240 glebamp
1143 4171 1177 4223 22
1195 4169 1286 4239 priore
1304 4167 1369 4236 eius]
1386 4162 1433 4215 elus

1529 4579 1530 4622 l

305 4259 398 4327 Ρθῑθῐίῑ
412 4277 434 4326 p
507 4261 541 4313 23
561 4259 644 4329 idem]
664 4260 734 4313 enim
755 4279 772 4311 α
856 4259 998 4328 fabulasp
1070 4260 1104 4313 24
1123 4257 1241 4312 salcesb
1314 4257 1346 4311 28
1363 4250 1433 4307 maio·

305 4346 379 4399 ribus
398 4345 424 4400 οἳ
