3164 4932
259 429 324 514 646
607 447 634 500 S.
657 447 813 502 Aurelii
843 445 1060 518 Augustini
1156 467 1159 473 ¹

257 641 400 706 Possunt
426 642 504 706 haec
532 642 626 706 etiam
655 642 686 706 in
716 641 851 707 eeclesia
878 641 1033 726 intellegi,
1064 645 1100 707 ut
1127 659 1164 707 ea
1186 641 1302 706 melius
1327 643 1407 708 acci-

258 747 384 830 piamus
416 750 578 830 tamquam
610 748 795 832 prophetica
821 747 938 813 indicia
964 748 1184 832 praecedentia
1210 749 1406 824 futurorum

258 855 440 936 paradisum
474 855 597 920 scilicet
628 854 731 939 ipsam
760 855 938 934 ecclesiam,
968 855 1054 920 sicut
1081 854 1117 919 de
1145 855 1202 920 illa
1227 856 1349 940 legitur
1374 858 1407 920 in

258 962 381 1027 cantico
406 962 614 1038 canticorum
641 964 791 1044 quattuor
815 964 921 1026 autem
944 961 1082 1044 paradisi
1105 961 1236 1027 fiumina
1255 965 1410 1046 quattuor

259 1068 434 1154 euangelia,
453 1067 541 1153 ligna
563 1067 726 1134 fructifera
749 1069 886 1146 sanctos,
906 1067 1030 1134 smctus
1055 1072 1161 1133 autem
1183 1087 1293 1134 eorum
1311 1087 1410 1151 opera
1444 1093 1460 1134 a

258 1194 379 1253 eorum,
411 1175 535 1259 lignum
573 1175 659 1240 uitae
696 1177 841 1240 sanctum
876 1179 1056 1240 sanctorum
1089 1175 1199 1257 utique
1232 1175 1409 1252 Christum,

257 1282 379 1366 lignum
409 1283 560 1347 scientiae
587 1281 662 1346 boni
690 1285 722 1345 et
745 1282 821 1346 mali
843 1281 1006 1365 proprium
1030 1281 1207 1347 uoluntatis
1230 1282 1407 1348 arbitrium.

257 1388 325 1454 Nec
363 1409 396 1454 se
428 1389 498 1472 ipso
532 1389 648 1472 quippe
681 1388 775 1454 homo
809 1387 919 1454 diuina
949 1389 1118 1454 uoluntate
1152 1391 1310 1454 contemta
1344 1389 1409 1452 nisi

257 1495 434 1580 perniciose
469 1497 516 1562 uti
543 1498 660 1582 potest,
690 1495 792 1580 adque
820 1495 865 1562 ita
894 1495 999 1573 discit,
1029 1495 1105 1580 quid
1132 1495 1268 1573 intorsit,
1296 1499 1408 1560 utrum

256 1602 418 1668 inhaereat
446 1603 607 1668 communi
634 1602 782 1668 omuibus
809 1602 891 1667 bono
921 1622 958 1667 an
986 1603 1112 1686 proprio
1137 1601 1323 1668 delectetur.
1365 1601 1407 1668 Se
1430 1627 1461 1669 ro

258 1709 375 1794 qnippe
398 1729 512 1776 amaus
540 1709 674 1776 donatur
701 1707 773 1787 sibi,
802 1708 933 1774 atinde
955 1709 1124 1775 timoribus
1147 1707 1408 1792 moeroribusque

257 1817 423 1900 conplatus
457 1820 563 1881 cantet
594 1816 627 1880 in
658 1817 792 1899 psalmo,
823 1816 849 1880 si
877 1818 982 1880 tamen
1010 1817 1095 1880 rnala
1123 1833 1181 1880 sua
1210 1815 1321 1879 sentit:
1350 1814 1408 1878 Ad

257 1943 314 1988 me
347 1924 479 2007 ipsum
511 1923 678 1987 turbata
708 1925 771 1986 est
799 1921 930 1988 anima
956 1940 1056 1998 mea;
1092 1924 1314 2003 correctusque
1342 1921 1407 1986 iam

257 2029 356 2096 dicat:
380 2029 682 2096 Fortitudinem
706 2047 828 2094 meam
854 2027 899 2092 ad
923 2031 960 2092 te
986 2028 1226 2094 custodiam.
1259 2027 1349 2092 Haec
1375 2032 1409 2092 et

256 2138 284 2204 si
308 2158 371 2221 qua
393 2137 455 2203 alia
478 2136 676 2204 commodius
696 2136 759 2201 dici
776 2138 913 2219 possunt
931 2134 968 2200 de
986 2134 1200 2220 intellegendo
1220 2134 1409 2218 spiritaliter
1429 2158 1458 2198 rs

254 2245 399 2328 paradiso
437 2243 561 2310 nemine
597 2243 782 2326 prohibente
820 2243 974 2321 dicautur,
1008 2241 1082 2306 dam
1114 2245 1220 2306 tamen
1253 2243 1285 2306 et
1317 2241 1406 2306 illius

255 2351 408 2418 historiae
437 2351 556 2416 ueritas
583 2349 770 2416 fidelissima
797 2369 902 2414 rerum
930 2351 1092 2432 gestarum
1120 2347 1297 2414 narratione
1321 2366 1407 2413 oom-

257 2457 402 2526 rnendata
425 2456 577 2526 credatur.

697 2647 833 2715 CAPUT
857 2649 958 2714 XXII.

255 2793 310 2858 De
356 2792 597 2876 corporibus
641 2795 874 2858 sanctorum
916 2794 1009 2874 post
1044 2791 1458 2866 resurrectionemao

256 2919 357 2982 quae
386 2899 445 2966 sic
474 2899 686 2982 spiritalia
715 2901 843 2978 erunt,
866 2902 1006 2964 utnon
1030 2898 1068 2962 in
1093 2897 1286 2981 spiritum
1313 2917 1404 2962 caro

733 3007 929 3071 uertatur.

300 3147 438 3232 Corpora
465 3167 539 3232 ergo
566 3149 735 3225 iustorum,
765 3165 845 3230 quae
873 3147 905 3210 in
932 3146 1159 3211 resurrectione
1187 3145 1295 3212 futura
1318 3149 1405 3216 sunt.

255 3275 356 3338 neque
387 3255 454 3320 ullo
486 3255 573 3339 ligno
606 3255 804 3338 indigebunt,
829 3273 901 3338 ¹quo
933 3238 990 3318 fiat
1022 3259 1058 3317 ut
1089 3253 1178 3317 nullo
1211 3253 1322 3318 morbo
1350 3252 1405 3319 uel

255 3363 418 3425 senectute
448 3359 623 3425 inueterata
650 3361 833 3437 moriantur,
857 3379 959 3442 neque
987 3360 1062 3424 ullis
1090 3358 1161 3424 aliis
1185 3350 1404 3443 corporalibus
1426 3385 1457 3423 aa

255 3467 425 3544 alimentis,
455 3466 570 3549 quibus
600 3467 757 3532 esuriendi
781 3485 816 3532 ao
840 3466 968 3531 sitiendi
992 3466 1233 3548 qualiscumque
1256 3467 1406 3531 molestia

254 3572 428 3647 deuitetur;
463 3573 612 3655 quoniam
645 3576 729 3638 certo
763 3576 794 3638 et
827 3573 912 3638 omni
946 3573 1039 3638 modo
1067 3571 1245 3638 inuiolabili
1272 3591 1407 3636 munere

252 3677 492 3743 inmortalitatis
519 3678 698 3752 induentur,
723 3681 760 3742 ut
787 3697 847 3743 non
872 3678 934 3743 nisi
956 3678 1067 3758 uelint,
1090 3679 1316 3761 possibilitate,
1340 3697 1405 3741 non

253 3785 443 3850 necessitate
462 3788 642 3850 nascantur.
667 3782 759 3864 Quod
779 3785 883 3868 augeli
903 3804 1028 3868 quoque
1047 3784 1220 3850 uisibiliter
1238 3785 1270 3848 et
1287 3786 1405 3848 tracta-

253 3891 360 3957 biliter
393 3895 590 3976 apparentes,
623 3911 683 3957 non
718 3892 791 3974 quia
828 3891 1021 3976 indigebant,
1056 3891 1111 3956 sed
1143 3891 1218 3972 quia
1249 3889 1405 3955 uolebant
1425 3919 1454 3958 aa

342 4101 358 4155 3
378 4099 456 4158 Cant.
475 4103 501 4165 4,
522 4101 554 4156 13
612 4101 645 4182 12
663 4102 708 4158 Ps.
726 4102 770 4165 41,
791 4101 807 4156 7
864 4099 897 4154 14
915 4099 961 4156 Pa.
981 4099 1024 4163 58,
1046 4099 1079 4154 10

289 4233 543 4304 8ipsumbjom.
568 4233 594 4286 V
684 4235 713 4288 11
743 4232 815 4298 inde,
839 4231 873 4286 de
897 4248 1010 4296 erae.,e
1102 4232 1134 4286 12
1162 4211 1410 4303 ameipsoa²f

255 4350 287 4402 13
309 4352 501 4418 correptusque
521 4367 539 4402 a
594 4350 628 4404 24
647 4349 723 4402 nullo
742 4315 767 4402 rb
789 4352 833 4414 (=
853 4347 983 4415 ruodo)a
1038 4347 1072 4402 25
1093 4347 1224 4402 allisam.
1244 4365 1269 4402 c·
