3136 4928
271 369 338 440 520
616 374 643 427 S.
670 372 829 428 Aurelii
857 372 1076 442 Augustini

270 567 457 652 perdifficile
489 568 580 633 nobis
612 571 668 634 aut
700 567 795 632 etiam
829 567 1016 651 inpossibile
1049 571 1100 632 est
1127 567 1277 652 cogitare,
1307 571 1424 650 quanto

272 674 377 758 magis
401 674 515 739 dicere.

735 797 872 863 CAPUT
897 797 966 861 VII.

272 942 327 1006 De
366 938 570 1022 qualitate
607 940 825 1022 primorum
865 939 1030 1014 dierum,
1064 939 1131 1021 qui
1165 938 1287 1004 etiarn
1322 942 1425 1002 ante-

338 1065 453 1128 quam
478 1047 540 1111 sol
563 1046 687 1112 fieret
710 1065 922 1128 uesperam
946 1048 985 1110 et
1007 1064 1119 1110 mane
1142 1045 1366 1138 tra-duntur
1455 1073 1467 1108 ε

742 1152 951 1218 habuisse.

320 1292 475 1358 Videmus
499 1292 615 1376 quippe
639 1293 719 1358 istos
743 1293 810 1357 dies
834 1296 927 1358 notos
951 1313 1012 1358 non
1035 1293 1151 1357 bebere
1174 1311 1342 1375 uesperam
1368 1293 1428 1356 nisi

276 1402 314 1465 de
339 1400 416 1464 solis
441 1418 557 1465 occasu
580 1419 637 1464 nec
659 1419 750 1464 mane
774 1399 835 1464 nisi
860 1399 897 1464 de
922 1400 999 1464 solis
1023 1402 1146 1478 erortu;
1171 1399 1300 1464 illorum
1320 1403 1428 1464 autern

275 1509 396 1590 priores
419 1511 484 1571 tres
508 1505 575 1570 dies
599 1506 666 1570 sine
690 1506 758 1570 sole
780 1505 901 1589 peracti
924 1508 1009 1584 sunt,
1034 1506 1088 1588 qui
1111 1507 1162 1571 die
1186 1509 1299 1589 quarto
1322 1507 1428 1571 faetus

276 1613 418 1678 refertur.
446 1612 488 1675 Et
510 1612 658 1694 primitus
683 1613 810 1694 quidem
833 1613 887 1676 lur
911 1612 1009 1677 uerbo
1032 1613 1091 1677 Ilei
1114 1613 1198 1677 faeta
1222 1612 1325 1696 adque
1348 1613 1430 1678 inter
1447 1643 1471 1680 so

276 1734 379 1801 ipsam
408 1722 440 1782 et
467 1718 612 1782 tenebras
635 1718 722 1782 Deus
752 1736 914 1800 separasse
941 1721 1086 1783 narratur
1113 1722 1145 1782 et
1168 1719 1299 1783 eandem
1322 1719 1427 1784 lucem

277 1843 412 1890 uacasse
436 1824 529 1901 diem,
553 1823 699 1889 tenebras
724 1827 828 1889 autem
853 1827 993 1901 noctem3
1023 1824 1078 1889 sed
1103 1826 1206 1907 qualis
1229 1825 1287 1889 illa
1311 1827 1356 1890 sit
1377 1827 1429 1890 lux

278 1935 311 1995 et
335 1949 397 2014 quo
421 1931 593 1994 alternante
617 1934 706 1995 motu
730 1932 918 2014 qualemque
942 1949 1108 2014 uesperam
1132 1935 1166 1995 et
1187 1951 1281 1996 mane
1308 1930 1428 2004 fecerit,

277 2041 436 2102 remotum
470 2040 519 2102 est
547 2056 565 2101 a
593 2037 739 2102 sensibus
773 2037 901 2115 nostris,
930 2055 986 2102 nec
1017 2038 1064 2101 ita
1095 2041 1133 2102 ut
1160 2042 1209 2102 est
1239 2038 1429 2122 intellegis

280 2143 371 2208 nobis
404 2146 520 2225 potest,
550 2143 634 2226 quod
667 2147 772 2208 tamen
807 2144 873 2208 sine
906 2144 973 2208 nlla
1001 2143 1209 2210 haesitatione
1237 2143 1427 2209 eredendum
1446 2173 1469 2212 c

280 2255 340 2316 cst.
379 2251 444 2314 Aut
473 2249 555 2314 enim
585 2251 691 2332 aliqua
718 2251 770 2315 lux
799 2253 1036 2332 corporeaest,
1060 2249 1129 2314 siue
1156 2250 1188 2314 in
1212 2251 1427 2333 superioribus

282 2357 393 2422 mundi
424 2358 567 2442 partibus
598 2360 693 2442 longe
722 2379 741 2423 a
768 2357 991 2440 conspectibus
1024 2357 1140 2422 uostris
1174 2358 1242 2422 siue
1270 2359 1355 2422 unde
1382 2358 1427 2422 sol

281 2463 485 2546 postmodum
524 2483 676 2528 aecensus
710 2467 772 2539 est;
812 2469 867 2528 aut
898 2463 980 2528 lucis
1013 2463 1138 2527 nomine
1170 2463 1351 2547 significata
1382 2467 1430 2528 est

282 2575 392 2637 saneta
420 2571 535 2635 ciuitas
562 2571 593 2634 in
623 2571 740 2636 sanetis
770 2571 891 2655 angelis
922 2573 954 2634 ot
977 2569 1142 2652 spiritibus
1166 2568 1278 2646 beatis,
1304 2569 1343 2634 de
1371 2589 1430 2652 qua

284 2677 362 2742 dicit
392 2679 570 2759 apostolus:
601 2675 707 2757 Quae
736 2695 897 2741 sursum
926 2679 989 2741 est
1010 2675 1281 2754 Hierusalem,
1306 2679 1468 2742 matera

285 2787 425 2849 nostra
445 2785 609 2848 aeterna
627 2785 664 2847 in
686 2782 830 2857 caelis:
853 2784 898 2848 ait
911 2783 1028 2867 quippe
1047 2786 1080 2848 et
1100 2783 1162 2847 alio
1181 2783 1267 2848 loeo:
1288 2781 1429 2848 Omnes

286 2891 388 2956 enim
416 2909 488 2962 uos
517 2889 604 2953 lilii
635 2889 743 2954 lucis
768 2889 872 2954 estis
898 2893 936 2954 et
958 2889 1045 2956 filii
1069 2889 1167 2966 diei;
1197 2907 1270 2953 non
1296 2905 1428 2953 sumus

285 2997 420 3062 noctis
454 3016 582 3079 neque
616 2997 891 3072 tenebrarum
926 2997 954 3060 si
982 2999 1087 3060 tamen
1117 3000 1150 3060 et
1176 3015 1343 3078 uesperam
1371 2993 1428 3057 diei

285 3103 381 3169 buius
410 3106 443 3168 et
468 3123 558 3168 mane
587 3103 787 3185 aliquatenus
815 3105 1025 3188 congruenter
1050 3103 1233 3186 intellegere
1257 3103 1428 3166 ualeamus.

286 3211 442 3292 Quoniam
471 3209 604 3274 scientia
626 3213 786 3274 creaturae
814 3211 845 3274 in
879 3212 1133 3294 conparationem
1169 3209 1320 3274 scientiae
1345 3208 1429 3272 Crea·
1445 3233 1467 3272 ss

287 3319 365 3382 toris
389 3316 525 3398 quodam
548 3316 642 3382 modo
665 3317 872 3399 uesperaseit‚
895 3317 1036 3399 itemque
1058 3315 1195 3381 lucescit
1218 3317 1251 3378 et
1274 3333 1365 3378 mane
1387 3311 1429 3388 fit,

288 3443 361 3489 eum
385 3429 417 3488 et
438 3424 509 3506 ipsa
530 3424 665 3488 refertur
688 3423 726 3487 ad
749 3423 876 3488 laudem
896 3422 1161 3504 dilectionemque
1181 3421 1353 3494 Creatoris;
1378 3437 1429 3483 nee

287 3531 320 3595 in
344 3533 469 3595 noctem
492 3530 644 3615 uergitur‚
665 3530 719 3593 ubi
743 3547 805 3594 non
825 3531 954 3595 Creator
977 3533 1136 3594 creaturae
1156 3527 1326 3593 dilectione
1345 3527 1430 3592 relin-

379 3764 414 3820 ab
433 3763 492 3820 Gal.
511 3764 536 3830 4,
556 3764 591 3818 26
646 3765 677 3818 21
702 3764 724 3819 1.
745 3763 839 3817 Thess.
859 3766 884 3827 5,
904 3765 920 3818 5

326 3923 462 3992 4quiap
553 3921 634 3975 etiam
660 3921 789 3988 Vaqom.
804 3938 878 3992 ppo
968 3920 1152 3991 ilprioruml
1242 3917 1431 3989 quartodiao

292 4013 325 4065 12
345 4012 382 4064 sit
396 4027 447 4066 oca.
466 4009 501 4063 V*
559 4012 591 4065 16
610 4011 680 4080 siue]
701 4011 724 4062 si
742 4008 821 4078 bene,
839 4011 919 4064 baad
937 4009 1018 4064 dubia
1036 4009 1287 4074 marianarum
1341 4005 1429 4062 2010·

292 4115 380 4154 ruso
467 4099 501 4153 22
520 4116 574 4152 ιιοιι
593 4114 683 4152 sumus
695 4140 808 4156 .......
820 4097 874 4153 diei
892 4115 977 4154 om.a
1065 4115 1119 4152 non
1138 4099 1242 4167 sarnus]
1261 4113 1316 4150 non
1335 4097 1429 4161 estisp

291 4191 327 4244 23
341 4189 428 4242 nostis
446 4188 473 4240 V
523 4189 557 4242 25
572 4189 599 4241 in
615 4187 834 4258 conparationem
854 4187 909 4254 Va·
923 4189 950 4242 in
966 4188 1167 4258 comparatione
1179 4186 1271 4242 redte
1320 4184 1353 4238 28
1366 4198 1428 4236 ruer·

293 4276 396 4346 giturt
