3072 4930
556 475 558 479 .
595 429 622 484 S.
650 428 804 482 Aurelii
832 427 1050 498 Augustini

702 619 840 686 CAPUT
863 620 934 688 Xll.

244 760 400 841 Quibus
421 762 602 828 moribus
624 761 783 846 antiqui
803 761 967 828 Romani
987 763 1204 840 meruerint,
1229 764 1270 826 ut
1288 762 1395 826 Deus

244 887 375 948 uerus,
406 870 591 953 quamuis
619 888 694 935 non
725 889 810 934 oum
839 869 1033 948 colerent,
1063 889 1198 936 eorum
1222 871 1397 954 augeret

703 975 925 1059 imperium.

287 1117 421 1182 Proinde
453 1117 631 1196 uideamus,
665 1137 744 1200 quos
777 1118 988 1184 Romanorum
1023 1137 1127 1184 mores
1161 1121 1193 1183 et
1226 1136 1322 1199 quam
1353 1117 1395 1182 ob
1433 1143 1447 1183 e

243 1241 373 1288 eausam
396 1223 484 1288 Deus
508 1243 603 1288 uerus
627 1224 666 1288 ad
686 1224 866 1309 augendum
884 1225 1053 1308 imperinm
1071 1224 1221 1290 adiuuare
1240 1224 1396 1308 dignatus

244 1334 303 1408 est,
327 1330 357 1394 in
382 1330 473 1396 cuius
498 1334 657 1414 potestate
677 1333 753 1396 sunt
771 1331 867 1396 etiam
890 1351 988 1416 regna
1006 1333 1139 1396 terrene.
1164 1330 1258 1411 Quod
1283 1334 1396 1396 autem

243 1443 280 1501 ut
303 1437 482 1502 absolutius
507 1437 661 1502 disserere
687 1456 867 1520 possemus,
900 1438 938 1503 ad
966 1438 1026 1503 hoo
1054 1439 1263 1521 pertinentem
1294 1437 1397 1503 etiam

243 1544 436 1628 superiorem
453 1543 571 1609 librum
590 1543 846 1627 conscripsimus,
860 1543 947 1626 quod
965 1543 998 1609 in
1016 1544 1075 1609 lrao
1094 1563 1127 1609 re
1141 1547 1285 1628 potestas
1305 1543 1399 1609 nulla

244 1653 288 1714 sit
310 1669 419 1716 eorum
444 1649 585 1728 deorum,
613 1669 695 1732 quos
719 1651 815 1715 etiam
839 1650 934 1716 rebus
958 1651 1136 1735 nugatoriis
1161 1650 1310 1716 colendos
1335 1671 1446 1734 pu·1o

244 1761 360 1836 terunt,
394 1760 426 1822 et
457 1757 632 1839 praesentis
660 1758 834 1822 uoluminis
863 1761 970 1841 partes
997 1757 1187 1840 superiores,
1220 1776 1300 1839 quas
1329 1757 1398 1823 huo

244 1883 346 1946 usque
370 1863 585 1947 perduximus,
619 1863 657 1928 de
680 1863 738 1928 fati
763 1865 947 1947 quaestione
975 1863 1125 1942 tollenda,
1148 1883 1188 1928 ne
1211 1863 1397 1946 quisquam,

244 1971 295 2035 oui
319 1970 383 2034 iam
406 1987 590 2055 persuasam
614 1973 701 2035 esset
724 1990 785 2035 non
807 1970 935 2036 illorum
955 1970 1085 2035 deorum
1105 1970 1195 2035 oultu
1214 1969 1397 2034 Romanum

242 2077 411 2160 imperium
434 2080 642 2161 propagatum
668 2077 769 2159 adque
794 2080 968 2154 seruatum,
992 2077 1098 2142 neseio
1122 2076 1173 2142 cui
1196 2076 1263 2142 luto
1281 2075 1397 2159 potius

243 2183 277 2247 id
299 2183 453 2248 tribueret
471 2203 565 2266 quam
584 2183 645 2248 Dei
668 2185 787 2249 summi
805 2185 1045 2266 potentissimae
1063 2183 1233 2249 uoluntati.
1258 2183 1397 2249 Ueteres
1419 2215 1445 2255 re

242 2289 343 2373 igitur
365 2289 520 2372 primique
543 2289 687 2365 Romani,
702 2294 865 2372 *quantum
890 2310 998 2356 eorum
1019 2291 1111 2356 dooet
1135 2294 1167 2356 et
1191 2289 1398 2356 commendat

243 2394 386 2474 historia,
412 2395 559 2477 quamuis
583 2401 620 2460 ul
643 2396 723 2461 aliae
747 2400 859 2482 gentes
883 2402 1013 2480 excepta
1036 2416 1099 2463 una
1121 2396 1233 2480 populi
1252 2395 1397 2460 Hebrae-

244 2521 333 2567 orum
358 2501 434 2567 deos
457 2503 556 2568 falsos
580 2502 718 2568 colerent
740 2508 773 2569 et
790 2523 850 2570 non
870 2503 937 2568 lieo
957 2504 1117 2582 uictimas,
1141 2503 1198 2568 sed
1217 2501 1397 2568 daemoniis

242 2607 453 2688 immolarent,
495 2613 600 2675 tamen
634 2610 747 2674 ‘laudis
785 2610 881 2686 auidi,
918 2611 1071 2693 pecuniae
1107 2609 1255 2675 liberales
1293 2611 1396 2688 erant,

244 2716 378 2801 gloriam
409 2715 582 2800 ingentem,
616 2715 746 2780 diuitias
778 2716 928 2782 honestas
962 2716 1137 2792 uolebant';
1170 2715 1251 2780 hane
1283 2715 1396 2780 arden·
1415 2748 1443 2788 ω
1534 2741 1535 2778 r

243 2824 367 2888 tissime
401 2823 586 2901 diloremnt
619 2826 747 2906 propter
769 2823 850 2888 hano
882 2824 992 2888 uiuere
1024 2823 1205 2900 uoluerunt,
1243 2841 1299 2905 pro
1334 2821 1395 2887 hee

243 2931 343 2996 emori
365 2949 427 2995 non
451 2929 691 3006 dubitauemnt;
730 2933 851 2995 ceteras
882 2930 1073 3014 cupiditates
1101 2929 1197 2995 liuius
1225 2929 1322 2993 unius
1346 2929 1395 2994 iu·

244 3037 331 3122 genti
364 3036 536 3120 eupiditate
568 3039 762 3118 presserunt.
807 3036 915 3120 Ipsam
949 3037 1082 3120 denique
1119 3035 1253 3120 patriam
1288 3055 1393 3112 suam,

243 3144 392 3226 quoniam
426 3143 545 3208 seruire
577 3142 745 3208 uidebatur
775 3142 959 3227 inglorium,
988 3142 1142 3209 dominari
1175 3161 1249 3207 uero
1288 3142 1394 3226 adque

243 3250 398 3333 imperare
422 3249 607 3333 gloriosum,
638 3250 726 3333 prius
750 3249 835 3315 omni
859 3249 965 3315 studio
989 3251 1131 3329 liberam,
1156 3248 1269 3314 deinde
1293 3249 1392 3314 domi·
1411 3277 1439 3317 e
1533 3309 1534 3314 ,

335 3468 368 3521 19
388 3465 452 3522 Sall.
473 3465 532 3522 Cat.
553 3469 567 3522 7

281 3591 507 3658 tmerueruntp
563 3591 659 3644 ileum
678 3607 769 3659 nonp
824 3591 1069 3664 iregnasterrena.
1089 3607 1107 3644 11
1126 3589 1259 3654 crusni]
1314 3587 1393 3656 Quod

245 3683 336 3731 autem
356 3681 388 3732 ut
409 3676 444 3744 0,·
462 3676 535 3747 quod
554 3681 645 3732 autem
663 3679 749 3746 Lot·
767 3679 840 3748 quod
858 3683 889 3734 ut
908 3679 1128 3749 lt²abdepqv
1145 3679 1244 3735 Domi».
1301 3677 1319 3732 8
1338 3677 1392 3732 dis·

245 3766 352 3821 cereL¹
407 3767 1252 3838 possemusLAutdequo·possimusCalo²fDomt
1308 3768 1391 3822 etism

245 3855 347 3924 ΒΜ),-
365 3859 393 3909 et
414 3855 512 3910 orell.
531 3873 547 3910 v
565 3855 664 3910 Domd.
728 3857 745 3910 9
765 3857 932 3928 potesllltas,
951 3857 1039 3911 masis
1056 3863 1088 3911 at
1105 3855 1218 3911 uidetur
1235 3856 1278 3910 bis
1290 3855 1393 3926 positis

246 3944 460 4005 tutonensi}
513 3945 546 4000 10
566 3943 676 4000 deorum
695 3944 792 4001 om.C
846 3947 878 4000 14
897 3947 943 4016 qui
959 3945 996 3998 L¹
1053 3948 1086 4001 15
1104 3944 1133 3999 id
1150 3943 1214 3999 trib.
1231 3944 1279 4010 0¹‚·
1298 3943 1391 3998 attrib.

248 4068 283 4122 0²
351 4069 384 4124 18
403 4046 553 4137 erederent,
570 4071 602 4124 in
619 4071 744 4140 neargiae
761 4032 924 4132 dolerent.e
993 4071 1025 4125 19
1044 4069 1119 4124 abidi
1137 4069 1196 4124 Ln
1269 4067 1390 4122 liuenl

244 4159 277 4212 21
300 4158 392 4212 uibere
406 4156 446 4225 L;
463 4159 572 4212 uincere
593 4175 624 4224 ας
642 4159 750 4213 uincere
768 4159 950 4228 superscripto
967 4159 981 4213 l
999 4159 1121 4214 uiueret
1175 4173 1224 4228 pro
1243 4157 1294 4212 hae
1308 4155 1389 4210 emori

245 4245 283 4300 L¹
296 4246 353 4313 Oq·
373 4263 420 4316 pro
440 4248 491 4300 hae
510 4250 538 4300 et
557 4248 625 4301 mori
641 4246 804 4316 L²rtbep;
822 4251 933 4318 propter
950 4249 1020 4302 hano
1039 4247 1124 4302 emori
1143 4264 1175 4313 a‚·
1193 4249 1305 4317 propter
1322 4244 1388 4300 liano

246 4340 275 4388 et
294 4336 360 4388 mori
380 4335 399 4388 d
