3164 4932
284 453 348 516 628
625 449 651 503 S.
680 448 838 503 Aurelii
866 449 1087 520 Augustini

282 645 386 710 adhue
419 647 492 710 ante
523 647 669 724 mortem,
699 662 761 709 uon
788 643 820 708 in
848 648 949 710 morte
980 663 1049 709 esse
1078 644 1231 709 dicendus
1259 647 1324 718 est;
1358 662 1430 709 eum

285 771 357 817 uere
385 752 490 817 anima
512 751 703 817 abseesserit
725 769 914 834 omnemque
938 751 1106 816 abstulerit
1129 752 1268 836 eorporis
1292 769 1432 828 sensum,

284 859 346 923 iam
377 861 613 943 postmortem
640 861 850 940 mortuusque
877 857 1070 942 perhibetur.
1112 858 1201 922 Perit
1226 859 1326 942 igitur
1352 857 1434 922 inter

283 969 464 1048 utrumque,
494 983 556 1049 quo
584 963 723 1030 moriens
751 965 805 1029 uel
832 964 864 1028 in
892 966 993 1030 morte
1018 965 1073 1040 sit;
1105 965 1253 1048 queniam
1277 967 1305 1030 si
1329 965 1433 1030 adhue

283 1072 376 1151 uiuit,
405 1076 478 1138 ente
504 1074 640 1138 mortem
668 1075 731 1150 est;
760 1071 789 1136 si
816 1072 926 1136 uiuere
955 1072 1090 1152 destitit,
1113 1072 1178 1137 iam
1200 1075 1433 1155 postmortem
1461 1091 1472 1130 ⁵

284 1183 342 1246 est.
379 1177 563 1262 Numquam
592 1197 666 1263 erge
694 1178 842 1256 moriens,
871 1177 904 1242 id
933 1178 1041 1244 estin
1070 1183 1182 1258 morte,
1211 1197 1282 1245 esse
1306 1197 1433 1262 conpre-

284 1286 442 1352 henditur.
465 1286 515 1351 Ita
534 1283 629 1349 etiam
648 1285 680 1349 in
700 1289 884 1350 transcursu
902 1287 1082 1368 temporum
1097 1285 1260 1367 quaeritur
1272 1305 1432 1368 praesens

284 1412 340 1458 neu
367 1393 540 1470 inuenitur,
568 1391 644 1473 quia
672 1391 741 1456 sine
768 1390 834 1456 ullo
865 1391 967 1474 spatie
997 1394 1055 1468 est,
1084 1410 1140 1474 per
1167 1390 1253 1475 qued
1280 1393 1434 1458 transitur

284 1520 321 1565 ex
348 1500 455 1564 futuro
483 1498 515 1562 in
542 1498 758 1580 praeteritum.
796 1496 907 1562 Nonne
931 1516 1004 1582 erge
1028 1496 1202 1563 uidendum
1227 1501 1286 1578 est,
1310 1518 1348 1564 ne
1372 1499 1434 1564 ista

285 1608 404 1671 ratione
427 1624 513 1670 mors
537 1605 677 1688 eorporis
700 1603 787 1669 nulla
811 1622 882 1669 esse
902 1602 1047 1668 ditatur?
1071 1603 1106 1670 si
1125 1605 1209 1670 enim
1228 1608 1288 1684 est,
1308 1606 1431 1689 quando
1449 1623 1472 1665 re
1553 1589 1554 1608 ³

286 1717 345 1788 est,
376 1730 456 1795 quae
483 1711 515 1776 in
543 1711 610 1776 ulle
640 1715 671 1774 et
698 1710 730 1775 in
759 1731 821 1794 qua
844 1710 931 1775 ullus
955 1729 1026 1776 esse
1049 1730 1111 1776 non
1134 1714 1264 1795 potest?
1302 1712 1431 1794 Quande

286 1819 415 1902 quidem
439 1818 467 1883 si
490 1817 623 1896 uiuitur,
647 1817 750 1882 adhue
773 1837 833 1882 non
857 1820 917 1894 est,
940 1817 1015 1900 quia
1036 1818 1097 1883 hee
1115 1822 1189 1883 ante
1206 1821 1353 1898 mertem,
1373 1838 1432 1884 non

285 1926 316 1989 in
347 1927 463 1997 merte;
498 1924 526 1988 si
554 1926 661 1989 autem
688 1924 798 1989 uiuere
825 1926 889 1988 ium
917 1927 1076 1990 cessatum
1106 1926 1165 2001 est,
1193 1925 1256 1990 iam
1284 1945 1347 1992 non
1375 1928 1432 2000 est,

287 2031 362 2114 quia
389 2036 422 2096 et
449 2031 509 2096 hee
536 2035 611 2114 pest
638 2034 773 2097 mortem
802 2035 862 2112 est,
890 2052 952 2098 non
979 2033 1011 2096 in
1036 2036 1147 2098 morte.
1185 2031 1248 2098 Sed
1269 2051 1382 2098 rursus
1406 2033 1433 2096 si
1553 2103 1554 2120 i

285 2139 373 2203 nulla
394 2157 479 2203 mors
504 2140 554 2202 est
577 2142 649 2202 ante
674 2136 751 2220 quid
773 2138 826 2203 uel
850 2143 933 2221 pest,
958 2139 1035 2221 quid
1053 2141 1103 2204 est
1122 2136 1207 2221 quod
1226 2137 1345 2202 dieitur
1363 2140 1431 2202 ante
1448 2156 1470 2197 a
1553 2145 1554 2174 ³

286 2247 420 2310 mertem
450 2245 519 2309 siue
546 2247 804 2328 postmortem?
845 2243 927 2309 Nam
955 2249 987 2310 et
1014 2245 1074 2311 heu
1096 2244 1232 2310 inaniter
1254 2242 1383 2318 dieitur,
1406 2243 1433 2306 si

286 2370 369 2416 mers
385 2351 475 2416 nulla
493 2353 552 2417 est.
576 2350 689 2434 Adqus
708 2350 830 2415 utinam
848 2350 881 2415 in
899 2351 1043 2434 paradise
1062 2351 1142 2416 bene
1160 2349 1300 2416 uiuendo
1315 2350 1433 2435 egisse-

286 2477 369 2536 mus,
398 2459 494 2522 utre
522 2475 598 2522 uera
624 2456 711 2522 nulla
737 2476 823 2522 mers
852 2460 947 2522 esset.
989 2457 1080 2522 Nune
1109 2459 1216 2522 autem
1243 2475 1305 2521 nun
1330 2456 1434 2522 solum

286 2566 346 2642 est,
383 2583 494 2628 uerum
532 2563 628 2628 etiam
666 2566 732 2628 tam
765 2563 902 2631 molesta
934 2567 992 2640 est,
1025 2566 1063 2628 ut
1094 2582 1152 2628 nee
1184 2563 1252 2628 ulla
1286 2561 1433 2646 explicari

285 2669 446 2736 locutione
469 2669 574 2753 pessit
595 2689 653 2734 nee
676 2669 743 2734 ullu
765 2670 886 2736 ratione
910 2669 1014 2735 uitari.
1451 2689 1474 2729 a
1553 2669 1554 2754 J

330 2778 511 2860 Loquamur
540 2795 615 2860 ergo
645 2775 818 2840 seeundum
847 2775 1109 2842 consuetudinem
1133 2778 1209 2860 (non
1237 2776 1436 2842 animaliter
1553 2757 1554 2812 ³

288 2883 452 2967 debemus)
472 2885 505 2948 et
528 2883 671 2948 dieamus
695 2883 777 2947 ‘ante
799 2885 954 2962 mertem,
977 2883 1163 2966 priusquam
1186 2901 1272 2948 mers
1297 2882 1434 2959 aecidat3
1553 2863 1554 2894 ¹

288 2991 373 3056 sicut
401 2989 554 3072 seriptum
585 2992 648 3054 est:
677 2989 778 3054 Ante
805 2991 974 3053 mortem
999 3007 1043 3053 ne
1066 2987 1210 3053 laudes
1234 2987 1435 3053 huminem

288 3114 535 3181 quemquem.
555 3095 707 3160 Dicamus
723 3095 818 3160 etiem
835 3113 908 3159 eum
923 3094 1088 3160 aeeiderit:
1105 3095 1185 3161 Post
1198 3099 1332 3161 mortem
1348 3095 1435 3160 illius

286 3207 341 3270 uel
362 3205 453 3270 illius
475 3203 597 3268 factum
622 3208 672 3268 est
694 3203 776 3267 illud
799 3205 854 3268 aut
876 3202 966 3268 illud.
991 3202 1144 3269 Dicamus
1168 3204 1201 3268 et
1220 3203 1258 3267 de
1276 3202 1435 3285 praesenti
1451 3221 1475 3262 a

287 3316 430 3394 tempere
456 3314 494 3375 ut
520 3328 705 3394 pessumus,
728 3309 820 3374 uelut
846 3327 920 3373 eum
948 3309 993 3374 ita
1015 3309 1193 3392 loquimur:
1216 3309 1358 3375 Moriens
1382 3309 1434 3374 ille

377 3563 412 3616 23
432 3561 514 3616 Eeeli.
537 3565 578 3628 11,
598 3563 632 3616 30

324 3733 341 3785 4
359 3696 481 3802 utrisque
501 3731 511 3786 1
589 3747 642 3800 quo
661 3730 751 3800 muido
770 3729 907 3802 nutriens,
926 3730 960 3784 do
979 3747 1023 3784 mo
1042 3747 1077 3784 aa.
1096 3733 1117 3784 2
1133 3733 1165 3786 in
1182 3747 1280 3802 mare..
1302 3732 1312 3788 t
1379 3735 1395 3788 5
1414 3729 1435 3785 si

289 3819 557 3876 uiuere...mortem
578 3823 620 3873 est
639 3835 718 3873 om.e
791 3819 901 3874 desistit
919 3819 930 3874 l
985 3820 1016 3873 11
1037 3819 1112 3873 nullo
1132 3819 1196 3874 atu
1268 3819 1360 3874 nullus
1379 3835 1435 3873 esse

291 3911 421 3977 potesta
513 3907 545 3963 12
568 3909 683 3962 mortem
707 3911 813 3977 estpu
905 3909 938 3962 14
961 3911 989 3962 et
1012 3907 1094 3963 enat
1202 3911 1245 3962 est
1262 3923 1323 3977 sup.
1343 3906 1438 3962 esav

291 3998 323 4050 15
343 4000 405 4051 ante
425 3996 491 4067 quid
510 3997 554 4050 uel
573 4001 637 4066 pest
655 3997 720 4066 quid
739 3997 783 4052 Vt
787 4002 886 4067 puf;
903 4000 966 4052 ante
985 3997 1030 4052 nel
1047 4001 1110 4068 post
1129 3991 1195 4068 quid
1214 4013 1271 4064 av,·
1290 4001 1354 4052 ante
1374 3995 1434 4066 qnid

289 4083 397 4150 dieitur,
417 4085 525 4139 omanis
542 4084 589 4138 uel
607 4089 671 4156 post
689 4085 755 4156 qnid
774 4089 816 4140 est
835 4085 916 4155 quod,
935 4086 951 4140 b
1021 4087 1052 4140 16
1071 4085 1141 4156 siue]
1160 4085 1206 4140 uel
1225 4101 1244 4139 a
1314 4085 1347 4140 18
1366 4089 1436 4139 esset

289 4189 391 4228 morsu
446 4175 479 4227 19
498 4173 548 4227 illa
567 4173 600 4227 V¹
656 4173 852 4230 aasentias
923 4175 1080 4245 priusquam
1091 4174 1232 4243 maamad
1245 4176 1310 4228 unte
1323 4179 1434 4228 mortem

290 4263 410 4319 m.1in
428 4276 551 4331 merab
606 4261 718 4318 secedat
736 4263 773 4317 bl
827 4265 861 4318 23
879 4280 913 4317 ne
932 4263 1067 4333 glorifices
1086 4279 1249 4333 quemquam
1268 4281 1286 4314 α
1340 4264 1374 4318 25
1392 4261 1434 4316 net

290 4349 364 4402 illius
383 4366 434 4404 em.
454 4351 469 4403 b
541 4351 611 4404 illud
630 4355 678 4406 ant
701 4351 805 4420 Vbet;
822 4350 892 4406 illud
910 4351 956 4406 uel
974 4369 1045 4422 ape
