3164 4932
638 381 664 434 S.
693 379 850 434 Aurelii
878 379 1095 448 Augustini

759 573 895 640 CAPUT
920 575 959 640 X.

374 717 429 781 An
453 716 541 781 uita
563 717 800 780 mortalium
824 735 928 781 mors
952 715 1094 799 potius
1118 735 1233 798 quam
1258 715 1347 782 uita

729 822 902 888 dicenda
926 824 991 891 sit.

284 1037 290 1042 ,
332 969 378 1034 Ex
402 985 464 1049 quo
484 965 567 1031 enirn
587 965 722 1049 quisque
740 965 772 1030 in
792 966 854 1031 isto
875 983 1004 1048 corpore
1023 966 1176 1032 morituro
1196 985 1267 1032 esse
1287 966 1434 1050 cooperit.

285 1091 459 1156 numquam
487 1073 518 1138 in
548 1091 584 1136 eo
613 1091 674 1136 non
703 1072 809 1156 agitur
835 1075 873 1138 ui
900 1092 986 1139 mors
1013 1073 1132 1138 ueniat.
1169 1073 1240 1138 Hoc
1262 1073 1347 1138 euim
1370 1073 1437 1156 agit
1464 1091 1474 1127 1

286 1181 355 1245 eius
393 1179 591 1244 mutabilitas
629 1181 697 1244 toto
735 1183 876 1262 tempore
908 1180 995 1245 uitae
1026 1180 1122 1245 buius
1155 1177 1197 1264 (si
1228 1184 1336 1245 tamen
1369 1179 1435 1244 uita

287 1286 419 1352 dicanda
447 1289 518 1368 est),
542 1289 580 1351 ut
606 1287 754 1351 uoniatur
780 1286 813 1350 in
841 1291 985 1352 mortem.
1022 1287 1124 1351 Nemo
1153 1287 1269 1371 quippe
1298 1287 1358 1366 est,
1382 1285 1436 1368 qui

286 1413 348 1459 non
377 1393 406 1458 ei
428 1398 503 1476 post
525 1412 641 1460 annum
665 1393 718 1470 sit,
742 1412 836 1474 quam
862 1398 935 1458 ante
959 1413 1075 1458 anuum
1098 1393 1168 1470 fuit,
1192 1397 1225 1458 et
1248 1411 1316 1458 cras
1342 1412 1434 1474 quam

286 1500 390 1579 hodie,
415 1503 447 1564 ot
469 1499 562 1564 hodie
587 1518 681 1582 quam
705 1499 783 1579 heri,
808 1504 841 1564 et
863 1501 957 1582 paulo
982 1504 1056 1583 post
1075 1519 1170 1582 quam
1189 1519 1283 1576 nuno,
1304 1501 1337 1564 11
1355 1517 1436 1563 nnnc

288 1626 384 1690 quam
416 1607 510 1690 paulo
544 1610 616 1671 anto
648 1607 866 1690 propinquior;
902 1606 1060 1688 quoniam,
1094 1606 1250 1690 quidquid
1283 1605 1436 1688 temporis
1454 1623 1476 1660 1⁰

287 1713 420 1792 uiuitur,
459 1713 496 1777 de
534 1713 637 1796 spatio
675 1713 805 1778 uiuendi
846 1714 993 1788 demitur,
1026 1721 1058 1778 et
1090 1712 1221 1779 cottidie
1257 1713 1295 1778 fit
1331 1714 1436 1778 minus

287 1820 456 1902 minusque
481 1819 566 1902 quod
588 1822 698 1896 restat,
722 1822 759 1884 ut
782 1820 909 1885 omuino
933 1820 1013 1884 nihil
1037 1820 1081 1886 sit
1099 1820 1185 1884 aliud
1203 1824 1333 1903 tempus
1352 1820 1436 1884 uitae

287 1926 395 2004 huius,
424 1945 519 2008 quam
548 1945 660 1992 cursus
689 1926 728 1990 ad
756 1930 900 2001 mortem,
930 1926 961 1992 in
987 1946 1048 2010 quo
1077 1946 1170 1992 nemo
1193 1929 1247 1992 uel
1269 1927 1437 2011 paululum

287 2037 371 2098 stare
390 2033 443 2098 uel
462 2033 624 2116 aliquanto
644 2033 766 2098 tardius
786 2033 831 2097 ire
849 2034 1058 2116 permittitur;
1083 2032 1139 2098 sed
1158 2036 1311 2118 urgentur
1329 2051 1437 2097 omnes

288 2139 355 2222 pari
383 2142 473 2204 motu
501 2158 558 2203 nec
583 2139 707 2204 diuerso
730 2138 928 2220 inpelluntur
951 2157 1093 2204 accessu.
1129 2137 1242 2223 Neque
1266 2138 1363 2215 enim,
1388 2139 1437 2204 cui
1456 2157 1477 2196 1

288 2245 358 2310 uita
384 2245 512 2311 breuior
539 2244 610 2321 fuit,
636 2243 770 2309 celerius
795 2242 879 2308 diem
904 2244 993 2308 duxit
1016 2263 1110 2327 quam
1133 2245 1199 2320 ille,
1222 2244 1275 2309 oui
1298 2244 1436 2328 longior;

291 2351 348 2416 sed
370 2369 444 2414 cum
468 2350 640 2433 aequaliter
664 2352 696 2414 et
719 2349 864 2432 aequalia
885 2353 1047 2414 momenta
1068 2353 1253 2432 raperentur
1272 2350 1437 2427 ambobus,
1555 2409 1556 2416 ,

290 2457 371 2521 alter
394 2454 506 2520 habuit
528 2455 669 2538 propius,
694 2455 773 2520 alter
794 2455 960 2534 remotius,
980 2474 1041 2538 quo
1065 2476 1127 2521 nou
1145 2457 1247 2540 inpari
1268 2457 1439 2522 uelocitate

289 2563 384 2627 ambo
404 2562 580 2627 currebant.
604 2561 701 2626 Aliud
721 2566 771 2626 est
789 2567 896 2626 autem
914 2563 1052 2645 amplius
1071 2563 1142 2628 uiae
1160 2563 1335 2648 peregisse,
1355 2563 1439 2629 aliud
1553 2557 1556 2570 ⁴

290 2667 411 2734 tardius
445 2667 634 2733 ambulasse.
676 2667 739 2747 Qui
772 2687 846 2752 ergo
879 2688 982 2750 usquc
1010 2669 1049 2734 ad
1076 2673 1211 2734 mortem
1239 2670 1477 2753 productiorem

291 2775 396 2858 spatia
419 2774 569 2858 temporis
594 2775 671 2858 agit,
696 2794 757 2840 non
780 2775 898 2840 lentius
921 2777 1036 2860 porgit,
1061 2776 1117 2842 sed
1134 2777 1208 2860 plus
1227 2777 1350 2842 itineris
1370 2795 1438 2842 con·

291 2881 368 2946 ficit.
405 2881 502 2946 Porro
532 2881 561 2946 si
589 2901 626 2947 11
652 2881 708 2946 1111
733 2881 868 2965 quisquc
895 2883 1009 2965 incipit
1035 2883 1126 2959 mori,
1154 2883 1214 2947 hoc
1242 2883 1438 2948 111111111

291 2991 403 3063 morte,
438 3007 474 3052 ex
506 3006 568 3070 quo
601 2988 632 3051 in
666 2987 722 3053 illo
752 2988 803 3072 agi
832 2989 970 3072 eoeperit
996 2990 1067 3072 ipsa
1093 3009 1188 3068 mors,
1216 2990 1248 3054 id
1276 2993 1328 3054 est
1356 2989 1438 3054 uitae

292 3093 446 3159 detractio
479 3095 578 3181 (quia,
612 3113 685 3160 cum
718 3093 911 3160 detrahendo
944 3096 1032 3160 linita
1062 3096 1169 3174 fuerit,
1201 3099 1275 3178 post
1305 3099 1438 3161 mortem

292 3202 355 3267 iam
384 3201 453 3278 1111,
477 3219 538 3265 111
561 3201 593 3265 11
617 3199 748 3287 morial:
772 3203 925 3285 proiecto,
950 3222 986 3268 ex
1010 3223 1071 3286 quo
1096 3222 1165 3268 esso
1188 3203 1302 3285 incipit
1324 3203 1357 3267 in
1381 3202 1439 3266 hoo
1454 3221 1476 3260 1

292 3326 432 3389 corpore,
456 3308 488 3371 in
512 3299 615 3372 morte'
637 3311 696 3372 est.
731 3306 815 3387 Quid
838 3308 921 3374 enim
946 3309 1031 3374 aliud
1056 3309 1167 3374 diebus
1191 3309 1277 3374 boris
1302 3326 1439 3373 momen·

291 3414 398 3496 tisque
418 3413 554 3498 singulis
574 3412 688 3497 agitur,
705 3413 804 3478 donec
824 3433 860 3479 aa
878 3419 1045 3480 consumta
1062 3434 1157 3494 mors,
1178 3434 1258 3499 quae
1277 3415 1437 3499 agebatur,

292 3519 459 3601 inpleatur,
492 3523 524 3584 11
560 3520 692 3603 incipiat
723 3520 942 3604 iamtempus
971 3539 1040 3585 1111
1069 3522 1316 3604 postmortem,
1345 3520 1437 3604 quod,

293 3645 367 3690 cum
399 3626 475 3702 uita
499 3624 725 3703 detraheretur,
755 3630 821 3691 erat
847 3625 879 3691 in
908 3631 1030 3692 morte?
1070 3628 1254 3710 Numquam
1280 3625 1383 3711 igitur
1407 3628 1438 3691 iu

293 3732 362 3796 uita
393 3734 488 3798 lromo
522 3737 581 3811 est,
610 3752 645 3798 11
673 3753 735 3817 quo
765 3736 815 3798 est
840 3734 873 3799 in
901 3734 964 3800 isto
994 3753 1121 3818 corpore
1148 3734 1304 3800 moriente
1331 3735 1475 3818 potiusao

329 3925 345 4005 tl
369 3924 443 3978 boore
459 3925 666 3993 inscriptionem
685 3939 736 3978 om.
751 3923 786 3993 p¹
858 3924 899 3978 De
919 3924 979 3978 uita
995 3924 1151 3978 mortalium
1171 3941 1239 3994 quae
1258 3941 1330 3979 mors
1349 3925 1437 3996 potius

294 4029 375 4082 quam
393 4014 453 4066 uita
472 4013 587 4068 dicenda
605 4017 648 4067 est
658 4013 742 4082 pipo
799 4015 831 4068 13
851 4015 880 4066 11
899 4030 952 4083 qua
971 4012 996 4068 V
1049 4014 1082 4069 14
1101 4013 1246 4083 aliquando
1262 4031 1276 4068 e
1347 4031 1436 4068 omnes

293 4105 457 4171 urgenturo
522 4103 555 4155 19
574 4101 645 4173 uiae]
666 4101 727 4166 dide
750 4101 777 4155 V
838 4104 871 4156 25
891 4102 944 4156 iam
964 4104 1016 4156 erit
1033 4103 1061 4155 in
1080 4102 1230 4157 mortemb
1303 4103 1332 4157 in
1351 4101 1436 4173 quob

294 4190 526 4246 1611111111
599 4193 633 4245 27
653 4195 839 4246 consummata
859 4191 959 4260 obpu
1030 4192 1065 4244 29
1083 4192 1112 4244 in
1131 4191 1281 4246 mortemb
1359 4191 1434 4246 3011

294 4294 366 4348 corp.
384 4278 473 4332 istoc
