3136 4928
363 411 413 466 De
442 413 614 470 ciuitate
644 411 704 467 (lei
727 413 793 468 lib.
817 415 850 468 X.
877 432 952 486 cap.
977 417 1020 471 20.
1040 417 1083 472 21.
1229 422 1291 486 481

148 623 208 687 quo
229 608 262 670 et
278 625 360 672 unus
380 607 466 672 Deus
487 609 546 684 est,
570 609 673 672 tamen
694 608 725 672 in
747 609 847 692 forma
865 610 950 674 serui
969 610 1160 676 sacrificium
1180 613 1294 677 maluit

147 731 216 776 esse
238 732 333 794 quam
353 731 487 789 sumere,
511 732 549 776 ne
572 712 626 777 uel
649 713 708 778 hac
728 715 891 778 occasione
911 715 1079 798 quisquam
1100 716 1294 783 existimaret

147 817 279 883 cuilibet
303 817 542 883 sacrificandum
566 838 635 883 esse
660 823 829 886 creaturae.
855 821 914 884 Per
933 821 993 886 hoc
1012 824 1044 886 et
1067 823 1213 888 sacerdos
1233 827 1292 902 est,

146 925 214 1007 ipse
240 925 383 1004 offerens,
406 927 475 1010 ipse
505 930 537 992 et
565 927 693 991 oblatio.
743 927 841 992 Ouios
869 929 914 992 rei
943 932 1176 994 sacramentum
1201 933 1292 994 cotti-

117 1032 275 1098 adianum
308 1052 378 1098 esse
410 1034 516 1100 uoluit
546 1035 699 1099 ecclesiae
730 1035 931 1112 sacrificium,
970 1055 1049 1118 quae
1083 1056 1156 1101 cum
1189 1037 1291 1122 ipsius

146 1139 260 1222 capitis
284 1159 398 1224 corpus
423 1141 475 1218 sit,
500 1161 533 1206 se
558 1139 660 1224 ipsam
689 1161 746 1223 per
767 1141 871 1223 ipsum
897 1143 993 1208 discit
1020 1144 1140 1208 offerre.
1186 1145 1291 1210 Huius

144 1247 214 1310 ueri
237 1246 383 1311 sacrificii
407 1247 598 1330 multiplicia
621 1249 770 1330 uariaque
795 1248 886 1332 signa
910 1253 997 1314 erant
1016 1249 1170 1316 sacrificia
1188 1251 1292 1333 prisca

145 1355 339 1430 sanctorum,
373 1373 446 1418 cum
470 1355 530 1418 hoc
558 1374 656 1418 unum
685 1373 740 1436 per
767 1356 869 1419 multa
897 1355 1095 1439 figuraretur,
1128 1359 1291 1440 tamquam

144 1459 251 1522 uerbis
275 1459 386 1523 multis
410 1475 459 1524 res
483 1479 546 1524 una
569 1460 735 1538 diceretur,
759 1465 796 1526 ut
815 1459 882 1524 sine
901 1461 1029 1526 fastidio
1049 1463 1186 1526 multum
1206 1483 1291 1528 com-

103 1587 128 1624 ιο
144 1565 355 1632 mandaretur.
392 1566 477 1630 Huic
501 1585 625 1630 summo
650 1586 789 1649 ueroque
813 1568 966 1632 sacrificio
996 1573 1109 1633 cuncta
1137 1570 1291 1636 sacrificia

143 1673 226 1737 falsa
250 1676 422 1738 cesserunt.

595 1865 731 1932 CAPUT
755 1867 838 1933 XXI.

143 2008 197 2072 De
230 2008 345 2073 modo
378 2009 605 2090 potestatis
641 2009 907 2075 daemonibus
942 2011 1059 2076 datae
1090 2013 1135 2076 ad
1166 2013 1289 2096 glori-

142 2115 334 2180 ficandos
359 2119 525 2180 sanctos
553 2135 621 2198 per
648 2117 914 2181 tolerantiam
938 2119 1184 2201 passionum,
1219 2120 1289 2202 qui

99 2247 123 2285 1⁵
185 2223 320 2286 aerios
346 2223 524 2304 spiritus
549 2243 621 2287 non
646 2223 843 2306 placando
868 2224 992 2306 ipsos,
1018 2224 1147 2290 sedin
1171 2226 1252 2290 Deo

471 2331 737 2414 permanendo
764 2331 961 2396 uicerunt.

231 2470 404 2535 Moderatis
429 2475 535 2536 antem
554 2471 792 2554 praefinitisque
811 2471 1008 2553 temporibus
1029 2472 1124 2536 etiam
1145 2476 1287 2554 potestas

140 2577 297 2660 permissa
321 2577 538 2654 daemonibus,
571 2583 608 2642 ut
635 2578 816 2642 hominibus
843 2597 922 2659 quos
950 2577 1116 2660 possident
1144 2580 1288 2643 excitatis

139 2683 324 2748 inimicitias
348 2683 500 2748 aduersus
525 2684 583 2746 Dei
608 2684 772 2748 ciuitatem
796 2685 955 2768 tyrannice
980 2689 1142 2748 exerceant
1162 2686 1287 2766 sibique

97 2817 123 2855 20
141 2789 296 2854 sacrificia
328 2809 389 2854 non
421 2790 525 2854 solum
555 2791 593 2854 ab
624 2791 827 2856 offerentibus
857 2795 985 2856 sumant
1008 2795 1040 2855 et
1064 2811 1081 2854 a
1103 2793 1286 2856 uolentibus

139 2899 296 2980 expetant,
320 2917 430 2960 uerrrm
455 2898 550 2961 etiam
575 2897 613 2961 ab
638 2897 749 2962 inuitis
772 2899 987 2980 persequendo
1011 2899 1167 2964 uiolenter
1187 2902 1287 2962 entor-

141 3007 266 3085 quaant
298 3023 358 3068 non
383 3003 486 3069 solum
511 3003 689 3085 perniciosa
711 3022 772 3067 non
798 3006 857 3080 est,
887 3003 942 3067 sed
967 3005 1062 3068 etiam
1086 3005 1176 3070 utilis
1200 3005 1286 3068 inue-

139 3111 225 3175 nitur
249 3109 411 3186 ecelesiae,
436 3114 471 3174 ut
494 3113 667 3192 martyrum
692 3129 841 3175 numerus
865 3111 1037 3192 inpleatur;
1067 3131 1146 3193 quos
1172 3111 1285 3175 ciuitas

138 3217 198 3282 Dei
221 3221 309 3281 tanto
333 3217 480 3282 clariores
505 3220 536 3280 et
559 3217 774 3282 honoratiores
800 3217 886 3281 ciues
905 3217 1010 3295 habet,
1035 3221 1150 3299 quanto
1170 3217 1284 3281 lortius

95 3349 121 3388 aa
139 3323 292 3386 aduersus
315 3323 479 3405 inpietatis
502 3327 668 3404 peccatum
693 3325 725 3386 et
747 3343 848 3405 usque
873 3323 911 3387 ad
941 3324 1125 3407 sanguinem
1155 3326 1285 3389 certant.

137 3430 206 3494 Hos
238 3431 340 3494 multo
375 3429 563 3512 elegantius,
597 3429 625 3494 si
659 3430 875 3494 ecclesiastiea
907 3430 1056 3511 loquendi
1088 3431 1284 3495 consuetudo

227 3667 261 3720 23
280 3665 362 3736 Apoc.
382 3667 406 3730 6,
428 3665 459 3719 11

174 3837 186 3890 1
209 3837 252 3888 est
270 3835 369 3888 deuse
445 3835 461 3888 2
481 3835 621 3887 estimaret
640 3850 658 3886 a
731 3835 748 3886 4
767 3795 1002 3886 offerens⁸⁸ob1ati0
1024 3849 1041 3884 a
1132 3831 1247 3900 quottid.
1268 3832 1284 3884 b

138 3925 170 3978 14
190 3927 298 3977 sanictos
318 3924 364 3992 qui
382 3923 552 3993 pertulerunt
570 3923 623 3974 iam
642 3922 795 3992 passionem
816 3922 861 3990 qui
881 3938 1008 3988 aereosp
1079 3921 1111 3974 15
1131 3920 1241 3988 spiritos
1263 3919 1286 3972 0

135 4015 168 4066 21
187 4015 372 4082 exspectante
435 4011 468 4065 ab
482 4012 578 4064 inuitis
593 4009 731 4078 b²cpsc;
747 4010 779 4063 ab
794 4010 911 4063 inimicis
929 4009 973 4072 f²;
990 4009 1092 4062 inuitos
1109 4027 1127 4060 a
1139 4008 1241 4080 b¹lulc
1251 4005 1284 4074 f¹

134 4138 234 4191 Domo.
302 4137 336 4190 22
355 4153 448 4190 uerum
468 4136 550 4190 etiam
568 4136 706 4190 inutilior
774 4135 1008 4189 carantomo
1080 4134 1113 4188 25
1134 4109 1283 4201 impietatis

134 4231 285 4295 peccatum,
300 4225 332 4277 ia
344 4241 429 4294 τηαν-9.
443 4224 589 4294 impietate
600 4227 770 4292 peccantum,
786 4240 799 4276 e
872 4226 899 4275 et
913 4239 989 4290 mss.,·
1004 4222 1115 4275 etiamn
1170 4222 1203 4274 26
1220 4236 1282 4274 con-

135 4312 319 4368 suetudineb

161 4439 243 4478 xxxx
256 4439 315 4487 Aug.
330 4447 401 4487 opera
414 4435 490 4476 Scotto
504 4437 523 4477 V
537 4447 590 4486 pars
604 4437 622 4476 1.
1211 4415 1243 4467 31
