3072 4928
265 429 306 494 68
606 427 633 480 S.
662 424 817 479 Aurelii
846 424 1067 494 Augustini

263 624 417 706 quantum
445 627 552 686 autem
574 620 759 685 humanitus
786 619 921 703 inpediti
950 621 1034 696 eunt,
1064 622 1255 696 annuerunt,
1278 617 1414 682 maxime

264 749 337 793 cum
366 747 475 795 eorum
504 727 670 810 superbiae
698 727 783 791 iuste
811 725 1011 808 prouidentia
1039 725 1147 789 diuina
1177 725 1349 802 resisteret,
1377 727 1415 788 ut

265 835 350 900 uiam
387 834 517 918 pietatis
555 833 593 898 ab
631 831 813 897 humilitate
850 832 882 897 in
921 851 1057 915 superna
1094 835 1276 914 surgentem
1317 831 1414 895 etiam

261 941 396 1006 istorum
425 941 647 1024 conparatione
674 943 878 1014 monstraret;
911 939 995 1003 unde
1023 941 1135 1022 postea
1165 937 1256 1003 nobis
1291 938 1351 1002 erit
1382 936 1414 1001 in

262 1049 322 1112 Dei
356 1049 422 1113 ueri
449 1048 579 1114 Domini
611 1047 777 1112 uoluntate
810 1045 1005 1128 disquirendi
1037 1063 1074 1110 ac
1107 1045 1281 1112 disserendi
1312 1045 1413 1110 locus.
1443 1067 1454 1105 r

262 1154 380 1219 Verum
409 1157 515 1219 tamen
540 1154 568 1219 si
589 1153 773 1238 philosophi
797 1153 918 1236 aliquid
940 1153 1141 1231 inuenerunt,
1166 1152 1250 1236 quod
1273 1150 1412 1236 agendae

261 1263 361 1326 bonae
389 1261 475 1325 uitae
503 1261 679 1344 beataeque
708 1259 928 1344 adipiscendae
956 1259 1035 1326 satis
1059 1277 1129 1324 esse
1153 1258 1269 1342 possit:
1295 1263 1411 1342 quanto

261 1367 377 1432 iustius
405 1367 525 1432 talibus
554 1366 655 1432 diuini
681 1367 817 1434 honores
846 1367 1100 1432 decernerentur!
1144 1364 1268 1444 Quanto
1296 1364 1411 1430 melius

262 1476 295 1538 ot
322 1474 488 1539 honestius
516 1473 548 1538 in
574 1472 717 1540 Platonis
746 1474 865 1557 templo
893 1473 967 1538 libri
996 1473 1064 1538 eius
1097 1474 1288 1558 legerentur,
1317 1491 1410 1555 quem

260 1581 292 1645 in
316 1580 445 1664 templis
471 1581 657 1645 daemonum
678 1579 762 1646 Galli
786 1573 1035 1659 absciderentur,
1055 1579 1169 1645 molles
1193 1599 1411 1646 consecraren·
1431 1601 1452 1638 ιο

261 1691 323 1765 tur,
347 1684 451 1751 insani
475 1690 665 1768 secarentur,
685 1689 717 1752 ot
740 1686 895 1770 quidquid
914 1685 1001 1751 aliud
1019 1685 1074 1750 uel
1093 1685 1219 1751 crudele
1237 1687 1292 1752 uel
1308 1690 1409 1772 turpe,

260 1793 313 1858 uel
350 1793 486 1876 turpiter
522 1793 649 1858 crudele
685 1794 739 1859 uel
773 1792 944 1858 crudeliter
975 1796 1067 1875 turpe
1102 1793 1134 1856 in
1167 1793 1264 1858 sacns
1296 1793 1410 1859 talium

261 1900 393 1965 deorum
422 1898 573 1965 celebrari
602 1900 697 1965 solet!
742 1898 867 1979 Quanto
901 1900 1002 1966 satius
1036 1902 1103 1965 erat
1135 1899 1174 1964 ad
1207 1899 1409 1965 erudiendam

259 2006 385 2071 iustitia
407 2007 607 2072 iuuentutem
626 2008 754 2090 publice
772 2007 899 2072 recitari
917 2008 1006 2092 leges
1026 2006 1156 2073 deorum
1176 2025 1272 2089 quam
1289 2006 1411 2072 laudari

260 2113 394 2178 inaniter
416 2113 504 2198 leges
530 2114 630 2196 adque
653 2114 803 2180 instituta
826 2115 995 2179 maiorum!
1021 2112 1139 2179 Omnes
1163 2114 1245 2178 enim
1271 2112 1410 2177 cultores
1430 2133 1451 2173 u

259 2218 373 2284 talium
402 2219 541 2298 deorum,
564 2239 637 2284 mor
665 2224 702 2285 ut
729 2239 784 2285 eos
811 2219 911 2284 libido
939 2219 1114 2303 perpulerit
1136 2218 1281 2294 feruenti,
1305 2221 1343 2282 ut
1366 2219 1411 2281 ait

258 2325 399 2404 Persius,
422 2325 523 2390 tincta
550 2346 682 2405 ueneno,
706 2327 810 2412 magis
836 2327 1001 2391 intuentur·
1025 2325 1100 2409 quid
1123 2326 1266 2408 Iuppiter
1287 2325 1409 2398 fecerit,

259 2451 354 2515 quum
391 2431 467 2515 quid
505 2432 649 2498 docuerit
680 2434 770 2500 Plato
801 2434 855 2498 uel
888 2433 1047 2499 censuerit
1079 2433 1167 2498 Cato.
1213 2431 1296 2496 Hinc
1333 2434 1411 2514 aput

258 2537 440 2604 Terentium
477 2539 658 2623 flagitiosus
696 2540 882 2606 adulescens
921 2542 1045 2622 spectat
1076 2539 1216 2604 tabulam
1252 2537 1409 2621 quandam

258 2645 377 2728 pictam
400 2646 432 2709 in
456 2646 587 2729 pariete,
1426 2667 1449 2706 ιο

828 2792 879 2852 ubi
902 2792 996 2851 inerat
1019 2791 1134 2866 pictura
1156 2791 1238 2863 haec,
1262 2791 1361 2850 Iouem

418 2882 480 2952 Quo
512 2883 597 2955 pacto
625 2881 744 2941 Danaae
776 2881 891 2941 misisse
924 2882 1006 2940 aiunt
1034 2881 1179 2956 quondam
1207 2879 1238 2938 in
1265 2879 1406 2954 gremium

1041 2969 1163 3029 imbrem
1187 2987 1315 3040 aureum,

347 3193 378 3245 17
399 3193 455 3246 Sat.
475 3193 500 3256 3,
520 3194 554 3248 37
609 3195 642 3247 21
663 3192 732 3247 Eun.
752 3193 803 3258 III,
823 3195 848 3256 ὅ,
868 3193 903 3247 36
922 3209 961 3262 sq.

293 3412 305 3464 1
333 3377 558 3482 sunterihlsrunt,
582 3429 612 3466 ru
637 3411 796 3467 correctoris
820 3429 909 3466 manu
932 3412 1146 3482 mpersom‘ptum
1172 3410 1260 3466 erosis
1279 3417 1345 3480 port
1370 3427 1404 3466 ue

256 3501 356 3556 titteris
373 3491 461 3565 ue,L
532 3503 710 3572 isuperuiae
729 3501 756 3555 L
854 3501 947 3571 iustse,
967 3519 983 3555 a
1002 3517 1089 3564 caeo,
1109 3501 1136 3554 L
1209 3503 1276 3556 bac
1294 3515 1405 3555 cenoso

254 3589 380 3658 marpissa
398 3589 508 3650 excidit,
527 3590 554 3643 L
644 3593 658 3644 7
679 3591 777 3645 beatae
796 3608 830 3647 m.
849 3595 868 3644 2
886 3591 918 3644 io
936 3607 1021 3661 scarp.
1044 3589 1066 3644 G
1148 3591 1182 3645 10
1201 3587 1405 3643 absciderentur

255 3695 317 3731 mas.
335 3695 366 3744 v;
384 3677 605 3733 abscinderentur
622 3680 722 3734 Domb.
801 3678 905 3742 molles,
925 3679 964 3733 les
982 3697 1017 3732 m.
1037 3683 1057 3734 2
1074 3681 1106 3732 io
1123 3695 1189 3741 ros,
1212 3678 1236 3732 0
1306 3680 1337 3734 ll
1359 3679 1405 3732 uel

254 3769 334 3835 turpe
354 3783 404 3820 om.
427 3765 459 3820 θ’
531 3769 563 3822 13
582 3768 616 3821 ad
635 3785 668 3822 m.
690 3769 759 3823 2in
776 3769 909 3837 murno
979 3767 1152 3822 erudiendam
1173 3767 1406 3849 Lhobdepq3

257 3853 431 3909 erudiendum
454 3855 499 3910 Cu
517 3857 616 3911 Domb.
691 3859 725 3912 14
743 3857 851 3911 iustitia
869 3855 1044 3926 L¹heplt¹,·
1062 3859 1194 3911 iustitiam
1213 3855 1404 3912 L²Oo¹bde

255 3941 370 4010 Dutch,
387 3944 551 4012 lustitielr²‚·
569 3944 603 3999 ad
622 3946 757 4000 iustitiam
776 3944 822 4013 u²;
839 3947 868 3999 in
886 3946 1025 4015 iustitiaq
1062 3949 1095 4002 15
1115 3946 1284 4000 malorumh
1322 3947 1355 4000 16
1369 3945 1403 3998 li-

254 4059 319 4112 uido
336 4058 397 4113 un
455 4061 600 4130 pertulerit
618 4059 651 4114 (3ι
695 4063 726 4116 17
746 4061 861 4116 fecerint
882 4061 914 4115 0¹
961 4063 993 4117 19
1014 4061 1213 4132 expectabatd
1254 4061 1288 4116 22
1308 4017 1404 4122 dinae,

254 4147 353 4203 icorr.
371 4166 415 4216 m,
434 4148 473 4215 L,·
493 4148 590 4203 dianae
609 4149 633 4203 A
652 4147 736 4216 dunat
749 4167 781 4204 en
801 4150 923 4204 emisisse
943 4151 958 4205 b
1031 4151 1153 4204 mississe
1172 4151 1196 4204 h
1268 4148 1403 4219 quondam

254 4236 282 4288 in
306 4237 437 4305 gremium
456 4237 513 4292 Lu
527 4237 610 4306 bpa3
636 4239 663 4292 in
689 4239 820 4308 grachum
845 4239 979 4309 quondum
1004 4241 1142 4307 (cremium
1161 4239 1200 4306 c¹;
1219 4238 1335 4309 quodam
1356 4237 1404 4304 01,-

254 4323 389 4394 quendam
408 4329 435 4396 q)
458 4325 598 4382 Ou²deh
611 4329 670 4395 foa·
689 4327 823 4396 quondam
843 4345 894 4383 om.
915 4329 945 4382 ιιι
1000 4329 1034 4382 23
1053 4325 1164 4398 hymbre
1184 4345 1203 4382 a
