3136 4934
375 441 425 495 De
454 441 628 495 ciuitate
657 441 810 496 deilib.
840 439 1079 511 vl11.cap.13.
1231 441 1296 506 375

602 635 739 701 CAPUT
762 635 850 700 XIII.

169 762 228 826 Do
262 761 472 826 sententie
499 759 700 837 Platonis,
734 780 810 843 qua
842 759 1042 825 defiuiuit
1074 760 1168 827 deos
1201 779 1275 826 uon

295 887 385 933 esse
418 867 499 932 nisi
528 866 654 932 bonos
683 866 917 950 amicosque
944 867 1159 933 utrtutum.

194 991 397 1075 Quamquam
422 1010 497 1076 ergo
521 1010 538 1055 a
562 991 653 1056 nobis
674 992 706 1055 et
723 991 755 1055 in
775 991 847 1056 aliis
866 991 978 1057 multis
998 991 1092 1058 rebus
1112 990 1298 1075 magnisque

117 1097 352 1177 edissentiaut,
376 1097 408 1162 in
432 1096 492 1162 hoo
516 1100 633 1176 temen,
652 1096 736 1179 quod
756 1097 850 1164 modo
868 1099 972 1181 posui,
993 1098 1066 1182 quie
1082 1118 1184 1181 neque
1202 1117 1299 1180 parua

147 1225 200 1268 res
227 1207 334 1270 estet
361 1205 433 1268 inde
463 1223 546 1268 nunc
579 1204 723 1285 quaestio
758 1208 817 1284 est,
849 1205 987 1287 primum
1020 1206 1059 1270 ab
1093 1206 1139 1270 eis
1172 1223 1298 1289 quaero,

148 1311 268 1393 quibus
294 1310 343 1376 dis
365 1309 465 1376 istum
490 1310 612 1376 cultum
633 1310 844 1375 exhibendum
863 1311 1062 1390 arbitrentur,
1081 1315 1189 1377 utrum
1209 1311 1299 1377 bonis

148 1439 187 1484 an
212 1417 310 1483 malis
335 1436 372 1482 uu
398 1421 430 1482 et
451 1417 543 1482 bonis
573 1421 605 1480 et
631 1417 735 1483 melis.
774 1417 836 1484 Sed
868 1418 1023 1484 habemus
1055 1418 1199 1484 Platonis
1232 1438 1299 1483 sen·

147 1526 284 1590 tentiam
323 1523 459 1590 dicentis
491 1543 601 1588 omues
635 1523 710 1589 deos
744 1525 844 1590 bonos
878 1543 948 1588 esse
981 1545 1038 1590 neo
1072 1545 1141 1590 esse
1175 1525 1300 1591 omnino

106 1657 132 1696 ιο
149 1633 256 1696 ullum
283 1630 412 1695 deorum
436 1630 566 1695 malum.
606 1628 808 1712 Consequens
834 1634 884 1696 est
906 1631 1015 1714 igibur,
1039 1635 1076 1696 nt
1098 1631 1191 1697 bonis
1222 1631 1301 1696 haec

149 1737 330 1803 exhibenda
352 1737 592 1821 intellegentium
625 1739 701 1802 tunc
728 1737 811 1802 enim
840 1737 889 1802 dis
923 1738 1117 1816 exhibentur,
1153 1737 1300 1822 quoniam

148 1863 207 1909 nee
233 1843 266 1907 di
291 1847 392 1921 erunt,
418 1844 445 1906 si
471 1843 543 1908 boni
567 1863 627 1908 uon
653 1847 755 1908 erunt.
779 1843 851 1909 Hoc
874 1843 901 1908 si
925 1845 970 1909 ite
994 1849 1052 1922 est,
1078 1843 1164 1930 (narn
1188 1843 1227 1908 de
1251 1844 1300 1908 dis

150 1949 229 2035 quid
253 1949 341 2015 eliud
365 1949 457 2014 decet
480 1949 641 2036 crederet)
675 1950 732 2016 ille
754 1950 895 2034 profecto
920 1953 1076 2016 uacuetur
1098 1951 1214 2034 opinio,
1239 1969 1301 2033 qua

149 2057 299 2123 nonnulli
322 2060 438 2139 putant
462 2056 538 2122 deos
561 2057 663 2122 malos
688 2057 786 2122 saeris
810 2057 982 2140 placandos
1007 2077 1087 2136 esse,
1107 2077 1145 2123 ne
1163 2056 1299 2131 laedent,

107 2191 132 2231 15
150 2164 253 2229 bonos
279 2169 394 2236 autem,
418 2165 456 2226 ut
479 2162 642 2242 adiuuent,
666 2163 872 2229 inuocandos
913 2164 991 2229 Meli
1016 2165 1100 2229 enim
1123 2164 1204 2230 nulli
1228 2167 1302 2228 sunt

150 2271 196 2345 ὥς
237 2269 331 2334 bonis
368 2287 459 2350 porro
500 2268 636 2348 debitus,
674 2272 711 2334 ut
753 2270 872 2346 dicunt,
910 2271 1010 2336 honor·
1051 2290 1210 2336 sacrorum
1252 2273 1302 2334 est

150 2375 352 2442 deferendus.
395 2375 456 2457 Qui
490 2379 565 2440 sunt
597 2396 671 2460 ergo
701 2377 761 2451 iili,
795 2377 849 2459 qui
881 2377 974 2442 ludos
1004 2377 1169 2472 scaenicos
1197 2379 1303 2442 emant

151 2501 273 2565 eosque
298 2481 415 2546 diuinis
438 2482 533 2546 rebus
558 2482 687 2566 adiungi
712 2487 744 2548 et
772 2483 839 2548 suis
872 2483 1044 2548 honoribus
1076 2483 1221 2568 flagitant
1254 2503 1302 2547 ex·

150 2588 277 2653 hiberi?
303 2605 437 2670 quorum
461 2588 511 2654 uis
535 2608 596 2653 non
621 2607 675 2654 eos
699 2588 818 2656 indicat
845 2591 960 2666 nullos,
986 2589 1041 2654 sed
1064 2591 1125 2655 iste
1157 2589 1301 2654 adfectus

109 2727 134 2768 20
151 2695 305 2760 nimirum
328 2694 448 2759 indicat
472 2695 584 2761 melos.
628 2695 711 2775 Quid
737 2695 819 2760 enim
844 2696 883 2759 do
911 2696 995 2760 ludis
1024 2696 1177 2761 scaenicis
1209 2696 1301 2760 Plato

153 2803 300 2878 senserit,
338 2804 448 2866 notum
486 2807 545 2878 est,
579 2822 652 2866 cum
685 2805 796 2887 poetas
829 2803 928 2885 ipsos,
962 2803 1047 2885 quod
1079 2807 1144 2868 tam
1174 2801 1304 2885 indigne

152 2911 287 2974 deorum
306 2909 472 2972 maiestate
492 2907 594 2992 adque
616 2907 755 2974 bonitate
780 2910 918 2974 carmina
942 2909 1175 2993 conposuerint,
1196 2910 1304 2973 censet

154 3016 287 3082 ciuitate
311 3014 486 3098 pellendos.
512 3015 574 3096 Qui
599 3021 674 3080 sunt
696 3017 796 3100 igitur
828 3015 883 3080 isti
915 3017 958 3094 di,
991 3018 1045 3099 qui
1078 3018 1117 3080 de
1149 3015 1302 3081 scaenicis

152 3122 241 3187 ludis
266 3121 432 3203 cumipse
457 3121 590 3185 Platone
615 3121 827 3186 contendunt?
860 3121 918 3186 IlIe
947 3122 1064 3205 quippe
1091 3141 1152 3186 nou
1183 3121 1305 3205 patitur

111 3263 135 3302 ᾖ
154 3229 233 3294 deos
257 3227 348 3292 salsis
372 3227 558 3292 criminibus
582 3228 742 3302 infamari;
778 3229 834 3294 isti
867 3229 985 3294 eisdem
1020 3229 1203 3294 criminibus
1228 3247 1303 3294 suos

154 3336 291 3400 honores
315 3333 466 3399 celebrari
489 3333 609 3400 iubent.
633 3333 777 3417 Denique
801 3335 856 3400 isti
880 3355 952 3400 cum
977 3335 1105 3401 eosdem
1133 3335 1226 3400 ludos
1254 3335 1301 3398 iu-

154 3441 292 3506 staurari
309 3441 534 3523 praeciperent,
554 3444 720 3523 poscentes
739 3441 844 3522 turpia
865 3441 959 3507 etiam
975 3443 1112 3526 maligna
1128 3446 1303 3526 gesseruut,

154 3547 229 3612 Tito
254 3547 377 3611 Latinio
402 3546 582 3612 auferentes
606 3546 708 3611 filium
736 3551 768 3612 et
794 3547 995 3613 inmittentes
1027 3548 1184 3622 morbum,
1220 3546 1304 3630 quod

156 3673 265 3719 eorum
289 3653 455 3718 abnuisset
477 3654 658 3738 imperium,
682 3672 818 3736 eumque
841 3655 988 3719 morbum
1006 3656 1212 3732 retrahentes,
1232 3673 1305 3718 eum

192 3860 360 3916 ediffiniuie
373 3878 395 3931 p
459 3864 523 3916 bet
540 3863 572 3914 in
585 3861 645 3930 fine
662 3879 759 3916 ceraue
777 3879 811 3916 m.
832 3862 894 3916 20
954 3861 1156 3916 ‘Iarbitrentur
1173 3879 1232 3931 sup.
1253 3861 1302 3916 tin.

156 3968 192 4018 a,·
219 3949 367 4006 erbItratur
393 3967 407 4004 a
510 3949 526 4004 8
555 3948 609 4005 Sed
636 3950 774 4010 habemus,
802 3955 877 4005 m.2
903 3951 1088 4019 superscripto
1116 3950 1149 4004 de
1178 3951 1237 4014 hoo,
1269 3951 1305 4018 0;

157 4039 211 4095 Sed
231 4038 264 4094 (le
282 4039 335 4094 hoe
348 4039 506 4093 habemuse
576 4039 696 4110 pietonis
711 4045 780 4096 sent.
798 4039 835 4106 O,·
853 4043 970 4094 sentent.
985 4039 1053 4109 plat.
1068 4039 1155 4093 celto
1209 4041 1225 4092 9
1245 4055 1303 4094 esse

158 4133 232 4184 ests
324 4130 356 4183 10
375 4127 488 4192 nullum,
507 4145 524 4181 n
543 4145 577 4184 m.
598 4131 693 4198 2sup.
714 4129 802 4196 tin.,l
893 4130 925 4183 13
945 4128 1040 4200 quiae
1131 4129 1164 4182 19
1182 4129 1305 4183 uulluee

157 4217 192 4273 20
208 4217 308 4287 maios]
329 4217 448 4270 meiuse
520 4218 555 4271 24
574 4216 644 4271 ludis
664 4233 747 4271 orne
819 4217 853 4270 26
873 4215 1008 4271 celebrare
1028 4233 1041 4270 e
1122 4216 1202 4270 ludos
1221 4233 1271 4271 om.
1291 4233 1305 4270 e

158 4343 192 4398 28
211 4309 365 4396 imittentes
387 4341 410 4395 0
462 4341 497 4395 29
518 4318 665 4406 abnuisset,
684 4343 716 4395 in
734 4357 820 4412 marq.
841 4303 970 4410 {buisset
989 4357 1017 4408 e;
1035 4339 1176 4394 annuisset
1193 4357 1207 4394 a
