3094 4932
374 448 424 500 De
453 446 627 500 ciuitate
656 445 718 500 dei
746 445 810 499 lib.
840 445 861 503 1.
891 463 965 516 cap.
995 447 1019 500 7.
1049 447 1073 500 8.
1256 451 1295 514 13

117 465 408 830 ῄωϋῦἰῑεῑ
426 643 625 726 temperauit,
651 643 704 724 qui
724 663 779 724 per
797 643 984 727 prophetam
1004 645 1091 707 tanto
1112 644 1183 706 ante
1204 643 1295 706 dixit:

183 749 339 814 isitabo
366 751 402 813 in
426 750 543 832 uirga
560 749 810 830 iniquitates
832 767 965 813 corum
987 753 1026 813 et
1044 748 1082 812 in
1102 749 1295 832 flagellis

145 861 316 939 peecata
350 876 500 927 eorum:
534 855 865 919 miserIcordiam
900 859 1032 918 autem
1065 873 1187 918 meam
1221 874 1294 918 non

144 961 378 1046 dispergam
403 963 446 1026 ab
472 963 541 1026 cis.

598 1154 733 1220 CAPUT
759 1154 843 1219 VIII.

143 1297 199 1362 De
232 1297 455 1361 commodis
490 1296 617 1378 adque
650 1297 927 1373 incommodis,
968 1317 1067 1380 quae
1100 1299 1218 1363 bonis
1252 1317 1295 1362 ac

339 1404 456 1468 malis
481 1404 719 1486 plerumque
745 1405 969 1468 communia
993 1409 1097 1469 sunt.

188 1546 284 1610 Dicet
307 1547 436 1628 aliquis:
462 1545 562 1626 ‘Quor
584 1566 657 1630 ergo
682 1547 744 1612 ista
769 1547 877 1611 diuina
900 1547 1117 1612 misericordia
1136 1547 1231 1612 etiam
1256 1546 1294 1610 ad

141 1653 246 1736 inpios
280 1653 484 1736 ingratosque
512 1654 689 1736 peruenitt'
726 1651 815 1732 Quur
841 1658 1003 1737 putumuS,
1032 1655 1093 1718 nisi
1122 1655 1197 1737 quia
1226 1675 1293 1718 eam

100 1781 123 1816 10
142 1760 198 1824 ille
222 1759 379 1842 praebuit,
405 1761 457 1842 qui
483 1761 613 1825 cottidie
638 1761 739 1824 lacit
762 1761 860 1824 oriri
886 1762 1010 1827 solem
1036 1781 1149 1826 suum
1175 1780 1295 1844 super

141 1865 270 1931 bonos
301 1870 340 1929 et
367 1867 493 1932 malos
522 1869 560 1930 et
588 1866 697 1950 pluit
720 1885 838 1949 super
861 1868 998 1932 iustos
1022 1872 1061 1931 et
1085 1868 1293 1933 iniustos?

142 1973 299 2054 Quamuis
328 1973 410 2037 enim
440 1973 568 2054 quidam
597 1992 705 2036 eorum
733 1973 796 2036 ista
825 1975 1003 2056 cogitantes
1032 1974 1220 2056 poenitendo
1255 1975 1292 2038 ab

141 2081 294 2162 inpietate
328 2099 362 2143 se
395 2080 562 2163 corrigant,
595 2079 722 2161 quidam
756 2099 841 2156 uero,
876 2080 961 2144 sicut
1000 2081 1164 2162 apostolus
1205 2080 1293 2156 dicit,

143 2187 321 2251 dluitins
345 2186 550 2250 bonitatis
575 2189 614 2250 et
636 2186 971 2270 longanimitatis
995 2185 1069 2250 Dei
1093 2189 1293 2250 contemnen-

101 2299 190 2359 ntes
222 2294 441 2358 secundum
467 2292 660 2357 duritiam
690 2293 825 2358 cordis
859 2293 922 2358 sui
951 2297 990 2356 et
1018 2311 1084 2356 cor
1116 2293 1293 2376 inpaeni-

141 2407 232 2466 tens
253 2401 467 2464 thesaurizent
486 2400 567 2465 sibi
587 2401 684 2464 iram
704 2401 741 2464 in
763 2399 825 2464 die
845 2401 930 2464 irae
956 2404 995 2464 et
1017 2399 1292 2464 reuelationis

142 2509 247 2573 iusti
271 2507 419 2571 iudicii
445 2506 527 2582 Dei,
558 2509 625 2589 qui
653 2507 796 2572 reddet
818 2507 1042 2590 unicuique
1072 2506 1293 2572 secundum

142 2636 263 2700 opera
296 2617 399 2681 eius:
432 2621 536 2680 tamen
570 2615 725 2697 patientia
754 2615 812 2678 Dei
846 2613 885 2678 ad
917 2614 1143 2696 paenitentiam
1177 2613 1294 2677 inuitat

140 2726 253 2800 malos,
274 2723 359 2787 sicut
376 2723 539 2806 flagellum
554 2721 613 2786 Dei
633 2721 671 2786 ad
687 2721 872 2803 patientiam
893 2720 996 2785 erudit
1015 2721 1130 2794 bonos;
1150 2719 1292 2801 itemque

98 2851 123 2888 2⁰
142 2830 361 2895 misericordia
387 2830 446 2894 Dei
474 2828 627 2893 fouendus
656 2827 859 2910 amplectitur
885 2827 997 2902 bonoS,
1027 2825 1111 2890 sicut
1139 2826 1294 2888 seueritas

143 2939 203 3004 Dei
231 2936 407 3021 puniendos
437 2935 566 3018 corripit
593 2937 703 3000 malos.
745 2935 872 2998 Placuit
896 2935 1012 3017 quippe
1037 2933 1162 2996 diuinae
1190 2931 1295 3014 proui-

144 3045 270 3110 dentIae
287 3063 469 3128 praeparare
484 3043 516 3107 in
530 3047 695 3126 posterum
708 3043 791 3106 bona
808 3043 915 3116 iustis,
936 3040 1053 3122 quibus
1073 3059 1132 3104 non
1152 3039 1295 3102 fruentur

143 3153 268 3219 iniusti.
294 3157 326 3215 et
348 3153 432 3215 mala
449 3145 561 3234 inpiis,
590 3151 705 3233 quibus
730 3169 791 3214 non
821 3148 1084 3212 excruciabuntur
1113 3145 1202 3220 boui;
1232 3145 1296 3208 ista

144 3279 221 3324 uero
245 3258 433 3342 temporalia
454 3259 537 3322 bono
560 3260 591 3321 et
614 3258 697 3320 mala
719 3255 864 3338 utrisque
889 3255 994 3318 uoluit
1014 3273 1085 3318 csse
1105 3251 1294 3330 communia,

102 3393 126 3430 n
145 3373 182 3430 ut
212 3385 269 3430 nec
297 3366 379 3429 bona
408 3364 555 3446 cupidius
583 3363 782 3446 adpetuntur,
812 3381 891 3445 quae
921 3361 997 3424 mali
1026 3378 1152 3442 qnoque
1180 3359 1295 3422 habere

146 3475 330 3546 carnuntum
355 3490 412 3536 nec
436 3473 519 3535 mala
536 3471 671 3554 turpiter
690 3470 860 3544 enitentur,
881 3468 997 3550 quibus
1018 3470 1050 3530 et
1067 3466 1141 3529 boni
1160 3465 1297 3547 plerum-

146 3600 209 3664 que
233 3579 433 3644 adliciuntur.

237 3845 254 3897 2
273 3841 319 3898 Ps.
339 3842 382 3906 88,
402 3843 436 3896 33
456 3859 495 3911 sq.
552 3841 585 3896 10
604 3841 651 3894 Mt.
672 3843 696 3905 5,
716 3841 751 3894 45
808 3841 841 3893 14
861 3839 937 3892 Rom.
958 3837 984 3902 2,
1003 3837 1020 3888 4
1040 3852 1097 3904 sqq.

186 4005 300 4056 ltantn
320 4018 339 4054 a
398 3999 467 4054 dixit
488 3999 829 4069 Obzp;p1·aedixiteqv
884 3993 1149 4052 3misericordia0
1207 3994 1297 4044 autem

149 4091 505 4162 arcp.lio.,meamom.a
559 4089 692 4158 tladque]
714 4095 777 4156 etp
834 4087 942 4140 Sdieet
959 4085 1104 4152 (rerpq,
1123 4082 1190 4134 dicit
1207 4079 1300 4132 C²ud

150 4199 199 4252 qur
222 4181 252 4234 d¹
359 4181 392 4234 10
421 4178 543 4248 quotidie
567 4195 586 4232 a
691 4179 722 4231 12
751 4175 900 4246 poenitudo
926 4173 950 4228 el
1057 4174 1090 4226 13
1119 4169 1257 4237 corrigunt
1282 4187 1299 4218 α

152 4275 183 4326 16
201 4269 408 4342 thelsaurinent,
428 4285 445 4321 n
465 4283 552 4322 eraso.
573 4268 595 4332 l,·
613 4267 798 4320 thesaurizant
816 4264 909 4330 b²of
982 4265 1013 4316 19
1033 4259 1238 4332 paltlilentiam,
1258 4260 1271 4309 t
1289 4256 1298 4307 i

150 4364 179 4414 ln
197 4377 264 4428 raa,
287 4359 311 4413 C
363 4359 398 4412 20
418 4358 598 4428 conplectitur
617 4373 631 4410 e
683 4357 717 4410 22
736 4371 879 4425 properare
901 4355 911 4408 l
983 4353 1136 4406 fruerentur
1156 4365 1174 4400 a
