3164 4932
342 467 392 520 De
421 467 594 521 ciuitate
623 467 685 522 dei
712 467 778 526 lib.
802 468 878 524 XIII.
905 483 980 538 cap.
1006 469 1048 522 12.
1073 469 1113 523 13.
1233 473 1296 537 631

150 680 224 726 oum
252 662 357 727 anima
384 663 450 727 sine
475 662 541 728 Deo
565 665 598 726 et
621 662 690 728 sine
714 663 1056 746 oorp01·eadte1npus
1081 683 1197 746 poenas
1220 667 1297 738 luit;

149 769 291 832 secunda
308 785 396 847 uero,
414 768 471 832 ubi
491 769 594 834 anime
613 769 680 834 sine
696 768 762 834 Deo
783 789 855 834 eum
875 789 1005 852 corpore
1025 789 1141 853 poenas
1157 777 1298 837 aeternae

148 875 221 937 luit.
264 873 395 954 Quando
429 893 503 959 ergo
537 874 616 939 dixit
642 875 729 940 Deus
762 876 865 957 primo
898 876 945 941 illi
979 878 1109 956 bomini,
1139 897 1231 960 quem
1265 880 1298 944 in

149 980 295 1061 paradiso
315 981 534 1059 constituerat,
555 982 592 1046 de
613 982 682 1046 eibo
702 981 818 1048 uetito:
844 981 1103 1066 Quacumque
1128 984 1190 1048 die
1215 984 1298 1048 ede-

118 1087 249 1152 eritis
287 1107 330 1152 ex
361 1087 448 1165 illo,
481 1091 608 1152 morte
641 1088 888 1154 moriemini:
926 1109 987 1154 non
1020 1093 1145 1156 tantum
1178 1092 1298 1173 primae

149 1195 263 1258 mortis
291 1197 413 1276 partem
441 1193 587 1278 priorem,
616 1194 672 1258 ubi
696 1195 799 1259 anima
822 1196 967 1279 priuatur
988 1197 1067 1274 Dee,
1092 1215 1148 1262 nec
1173 1200 1298 1261 tanturn

149 1300 367 1384 posteriorem,
406 1300 461 1364 ubi
499 1319 612 1384 corpus
649 1301 794 1383 priuatur
827 1302 939 1382 anima,
973 1320 1031 1366 nec
1063 1303 1163 1368 solam
1195 1303 1298 1386 ipsam

149 1411 250 1472 totam
283 1408 429 1490 primam,
457 1407 513 1472 ubi
546 1409 651 1472 anima
687 1411 719 1473 et
752 1407 864 1473 aDeo
894 1411 926 1473 et
953 1428 971 1473 a
999 1427 1126 1492 corpore
1155 1414 1300 1492 separata

149 1515 295 1596 punitum
320 1513 376 1578 sed
399 1513 554 1597 quidquid
576 1515 689 1579 mortis
714 1517 889 1597 estusque
913 1513 951 1578 ad
974 1515 1193 1593 nouissimam,
1219 1535 1299 1599 quae

107 1621 290 1687 reserunda
325 1620 451 1700 dieitur,
489 1641 551 1703 qua
588 1625 638 1685 est
674 1621 762 1685 nulla
797 1621 965 1705 posterior,
1003 1621 1205 1688 comminatio
1243 1622 1299 1686 illa

151 1728 301 1810 conplexa
325 1729 383 1792 est.

602 1919 739 1986 CAPUT
761 1920 850 1986 XIII.

151 2062 462 2127 Praeuarioatio
494 2063 715 2145 primorum
748 2063 952 2128 bominum
986 2083 1099 2146 quern
1132 2065 1299 2147 primani

536 2171 716 2234 senserit
738 2189 914 2253 poenam.

108 2333 133 2371 ιε
197 2310 278 2374 Nam
310 2314 423 2394 postea
454 2329 548 2392 quarn
581 2311 742 2396 praecepti
774 2311 859 2376 facta
890 2312 1100 2397 transgressio
1134 2315 1193 2387 est,
1229 2331 1299 2376 eon·

151 2417 260 2482 testim
289 2417 391 2501 gratia
419 2416 583 2482 deserente
612 2417 721 2481 diuina
749 2417 787 2482 de
811 2436 977 2500 corporum
1001 2437 1131 2484 suornm
1155 2418 1300 2482 nuditate

154 2523 277 2588 confusi
305 2528 391 2590 sunt.
428 2523 517 2589 Unde
546 2524 641 2588 etiem
669 2524 755 2590 foliis
782 2524 940 2604 ficulneis,
969 2544 1049 2606 quae
1077 2525 1158 2590 forte
1186 2543 1203 2588 a
1231 2543 1299 2607 per·

153 2630 290 2694 turbatis
317 2629 419 2711 prima
451 2634 599 2712 conperta
626 2637 711 2708 sunt,
740 2630 887 2714 pudenda
918 2633 1076 2704 tenerunt;
1106 2649 1186 2713 quae
1208 2631 1298 2711 prius

153 2736 263 2800 eadem
285 2735 427 2800 membra
449 2738 547 2813 erant,
572 2735 627 2800 sed
650 2735 797 2819 pudenda
819 2755 881 2801 non
906 2739 1003 2804 erent.
1029 2735 1203 2802 Senserunt
1226 2755 1299 2820 ergo

107 2861 270 2907 renonum
304 2845 427 2906 motum
458 2843 690 2908 inoboedientia
723 2844 824 2907 earnis
858 2861 945 2920 suae,
972 2847 1136 2926 tamquam
1165 2842 1300 2925 recipro-

153 2967 223 3012 oarn
250 2967 384 3032 poenam
412 2949 643 3014 inboedientiae
673 2969 759 3014 suae.
795 2951 862 3014 Iarn
887 2951 1003 3032 quippe
1028 2950 1131 3014 anima
1153 2949 1302 3014 libertate

152 3056 183 3119 in
223 3074 409 3138 peruersum
445 3057 571 3140 propria
607 3057 764 3120 delectata
800 3058 833 3120 et
868 3057 934 3120 Deo
973 3055 1142 3140 dedignata
1181 3055 1301 3120 seruire

152 3163 288 3247 pristino
320 3163 459 3245 eorporis
492 3163 625 3228 seruitio
658 3163 902 3240 destituebatur,
936 3167 968 3228 et
1000 3164 1075 3245 quia
1107 3163 1300 3245 superiorem

153 3271 316 3335 dominum
358 3288 416 3334 suo
458 3269 587 3334 arbitrio
625 3269 815 3347 deseruerat,
852 3269 1031 3334 inferiorern
1067 3270 1224 3334 famulum
1262 3268 1301 3332 ad

107 3400 134 3441 ee
154 3396 247 3441 suurn
282 3375 448 3441 arbitrium
481 3395 541 3440 non
574 3377 714 3452 tenebat,
742 3395 800 3440 ner.
829 3375 913 3440 omni
940 3377 1034 3440 modo
1063 3377 1199 3440 babebat
1227 3375 1301 3439 sub-

154 3484 252 3549 ditam
282 3501 418 3560 earnem,
443 3482 528 3546 siout
551 3502 675 3565 semper
697 3483 812 3547 habere
835 3483 1004 3565 potuisset,
1030 3483 1147 3548 siDeo
1172 3482 1302 3547 subdita

151 3591 224 3674 ipse
249 3590 430 3656 mansisset.
468 3589 556 3653 Tune
579 3608 652 3672 ergo
678 3589 782 3671 eoepit
805 3608 875 3654 caro
901 3589 1124 3672 concupiscere
1148 3587 1301 3652 aduersus

154 3696 313 3779 spiritum,
347 3715 419 3760 oum
453 3715 515 3778 qua
548 3695 763 3760 controuersia
794 3696 861 3760 neti
894 3716 1015 3775 snmus,
1047 3696 1208 3761 trahentes
1242 3695 1302 3759 ori-

243 3991 277 4043 27
297 3990 359 4046 Gal.
378 3991 404 4055 5,
424 3991 456 4044 17

191 4133 305 4236 Iduum
323 4167 349 4220 V
400 4167 534 4221 3honrini
553 4166 646 4234 illilp
688 4122 936 4232 *deomederitisp
991 4167 1130 4218 5exeov
1185 4163 1300 4218 ‘leolam

157 4241 265 4325 Velp5
284 4257 405 4310 solumv
441 4256 590 4368 Sprimam
609 4271 660 4308 orn,
676 4271 698 4323 p
736 4255 770 4308 16
790 4270 835 4306 eos
856 4251 997 4308 deserente
1007 4271 1030 4322 p
1068 4255 1100 4309 17
1121 4252 1305 4320 fioulbneisV

153 4389 169 4426 a
187 4388 248 4440 sup.
269 4372 318 4426 lia.
342 4372 369 4425 V
431 4372 463 4426 18
482 4370 622 4438 tundenda
640 4369 667 4424 V
718 4371 751 4423 27
771 4370 831 4440 ipsa
850 4385 900 4425 om.
918 4369 968 4424 Vb
