3072 4930
344 410 394 464 De
424 411 597 468 ciuitate
626 411 777 467 deilin
806 415 997 484 V.oap.l.
1183 421 1248 485 209

100 604 184 686 quod
217 604 364 689 sequitur
395 604 426 670 in
459 606 621 672 uolumine
654 608 801 691 sequenti
832 608 1005 674 uidendum
1039 615 1098 690 est,
1133 615 1164 677 et
1196 613 1248 678 hio

100 712 220 778 dandus
245 713 341 778 huius
365 712 556 796 prolixitatis
579 712 702 779 modus.

569 875 775 884 m———q

564 993 724 1058 LIBER
748 995 784 1062 V.

623 1121 728 1128 *-

540 1183 808 1242 Pnnuunulu

72 1335 83 1374 s
143 1309 302 1391 Quoniam
333 1313 458 1376 constat
486 1309 626 1375 omnium
654 1329 759 1374 renum
785 1312 992 1395 optandarum
1016 1312 1247 1396 plenitudinem

100 1435 166 1480 esse
191 1416 388 1490 felicitatem,
424 1435 503 1497 quae
527 1433 587 1480 uon
617 1419 666 1480 est
694 1415 761 1494 dea,
796 1417 852 1481 sed
876 1417 993 1482 donum
1018 1416 1088 1496 Dei,
1122 1421 1154 1482 et
1175 1418 1246 1485 ideo

102 1524 221 1587 nullum
247 1523 342 1587 deum
376 1522 542 1587 colendum
577 1541 647 1587 esse
682 1523 720 1587 ab
751 1523 943 1606 hominibus,
977 1523 1038 1588 uisi
1063 1523 1118 1608 qui
1139 1528 1248 1607 potest

101 1647 151 1692 eos
174 1629 279 1694 lacere
303 1629 413 1694 felices
437 1628 532 1713 (unde
557 1629 584 1692 si
608 1629 664 1693 illa
688 1630 746 1694 dea
771 1633 865 1708 esset,
891 1631 959 1694 sola
983 1631 1115 1696 colenda
1133 1633 1246 1698 merito

102 1735 284 1822 diceretur):
317 1737 381 1800 iam
405 1740 633 1817 consequenter
655 1736 833 1816 uideamus,
865 1757 928 1821 qua
951 1755 1047 1802 causa
1069 1736 1167 1815 Deus,
1193 1739 1247 1822 qui

64 1865 84 1904 n
101 1847 204 1926 potest
228 1845 262 1907 et
284 1843 341 1907 illa
363 1843 445 1906 bona
469 1843 551 1918 dare,
577 1861 657 1924 quae
680 1843 795 1908 habere
814 1847 951 1926 possunt
974 1845 1069 1910 etiam
1093 1863 1154 1908 nou
1173 1845 1247 1910 boui

102 1969 134 2014 ao
147 1969 202 2032 per
216 1950 278 2015 hou
299 1950 394 2014 etiam
414 1969 475 2014 nou
489 1949 609 2026 felices,
633 1951 810 2015 Romanum
825 1951 996 2032 imperium
1010 1954 1074 2015 tam
1096 1971 1247 2035 maguum

101 2061 226 2139 tamque
251 2057 437 2121 diuturnum
462 2075 531 2120 esse
555 2056 704 2122 uoluerit.
739 2056 822 2136 Quia
845 2057 929 2122 euim
951 2057 1011 2122 hoo
1036 2058 1164 2122 deorum
1190 2058 1247 2122 fal-

102 2180 204 2227 sorum
229 2163 288 2226 illa
312 2181 407 2244 quam
432 2162 577 2227 colebant
600 2163 773 2227 multitudo
799 2183 858 2229 uon
882 2162 969 2242 feeit,
1003 2169 1035 2228 et
1058 2164 1160 2228 multu
1183 2164 1245 2228 iam

103 2267 245 2349 diximus,
272 2272 305 2334 et
327 2270 382 2334 ubi
407 2269 513 2334 uisum
537 2269 633 2334 luerit
656 2274 868 2354 opportunum
892 2289 962 2335 esse
987 2271 1138 2336 dicemus.

68 2487 87 2525 rr
581 2461 767 2528 CAPUTI.

105 2603 272 2670 Causam
290 2605 456 2669 Romani
475 2605 639 2688 imperii
663 2605 920 2682 omniumque
939 2623 1154 2688 regnorum
1173 2623 1245 2672 neo

187 2713 406 2778 fortuitam
431 2731 519 2777 esse
544 2731 613 2777 neo
637 2711 674 2776 in
700 2711 918 2776 stellarum
941 2709 1153 2792 positione

550 2818 792 2884 consistere.

144 2961 248 3027 Causa
271 2980 346 3046 ergo
373 2958 602 3046 magnitudinis
631 2959 755 3042 imperii
783 2958 916 3022 Romani
945 2976 1003 3022 uec
1033 2957 1167 3024 fortuita
1196 2961 1246 3022 est

66 3089 87 3128 u
103 3087 154 3132 neo
175 3069 283 3136 fatalis
316 3069 490 3134 secundum
519 3087 626 3134 eorum
650 3066 841 3132 sententiam
869 3065 938 3130 siue
963 3065 1152 3148 opinionem,
1186 3065 1242 3147 qui

104 3193 137 3238 ea
158 3175 269 3242 dieunt
299 3195 369 3241 esse
398 3175 540 3252 fortuita,
574 3195 653 3258 quae
684 3175 738 3239 uel
767 3173 869 3238 nullas
901 3191 1013 3236 oausas
1043 3171 1161 3236 habeut
1192 3170 1245 3235 uel

105 3299 159 3345 uon
182 3303 219 3347 ex
243 3282 348 3365 aliquo
372 3281 553 3346 rationabili
577 3280 684 3346 ordine
708 3281 882 3356 uenientes,
907 3281 939 3343 et
962 3296 998 3342 ea
1020 3277 1138 3358 fatalia,
1164 3297 1243 3360 quae

104 3391 221 3467 praeter
240 3389 299 3453 Dei
323 3392 354 3453 et
376 3388 539 3454 hominum
561 3388 758 3453 uoluntatem
782 3385 947 3451 cuiusdam
967 3383 1084 3448 ordinis
1109 3385 1244 3448 uecessi-

105 3497 163 3558 tate
177 3496 375 3579 contingunt.
399 3495 534 3560 Prorsus
554 3493 663 3558 diuina
680 3491 880 3575 prouidentia
896 3509 993 3574 regna
1007 3490 1245 3556 constituuntur

69 3625 90 3664 u
104 3597 244 3668 humana.
270 3600 356 3681 Quae
380 3602 407 3666 si
431 3604 596 3684 propterea
615 3600 783 3681 quisquam
808 3599 873 3663 suto
897 3597 1020 3674 tribuit,
1045 3598 1119 3679 quia
1141 3597 1244 3680 ipsam

105 3705 158 3771 Dei
180 3707 379 3773 uoluntatem
403 3707 455 3771 uel
479 3709 670 3789 potestatem
698 3705 755 3769 fati
785 3705 912 3770 nomine
936 3705 1086 3786 appellat,
1120 3705 1243 3768 senten-

107 3812 176 3879 tiam
198 3819 315 3893 teneat
347 3813 491 3898 linguam
520 3813 666 3897 corrigat.
714 3812 804 3892 Quur
831 3812 914 3876 euim
937 3830 998 3876 uon
1022 3811 1082 3876 hoo
1106 3809 1243 3892 primum

137 4051 149 4102 1
168 4051 298 4120 sequena
319 4051 343 4106 a
430 4051 446 4102 2
466 4033 565 4104 sxa'r]
585 4049 640 4104 un.
660 4047 723 4103 1111.
744 4031 814 4102 rud.
834 4047 858 4100 v
876 4045 936 4100 un
1034 4024 1139 4128 nunu}
1159 4041 1242 4095 sun.

105 4127 398 4212 unilnuvsnsvu.
422 4137 671 4208 suouuostnu
696 4135 865 4194 ervrunnu
884 4122 932 4189 ni.
956 4134 1056 4188 snum
1079 4133 1148 4186 unu.
1168 4130 1241 4200 nul

106 4217 255 4286 1uolu1's.
276 4228 581 4298 omusvsnnuuu.
603 4229 626 4282 0
698 4229 730 4282 1o
754 4229 871 4296 possunt
887 4224 988 4278 nouere
1009 4222 1054 4276 oe
1127 4222 1159 4274 17
1183 4219 1244 4272 stu·

106 4313 227 4372 mmmtl
279 4315 535 4372 ffirmmmmHL

129 4440 582 4492 umxmffiwmsmnvmnn
1174 4413 1208 4467 Μ
