3094 4932
349 465 400 518 De
429 463 605 516 ciuitate
634 461 695 516 dei
723 462 790 517 lib.
815 462 837 516 l.
862 479 936 532 cap.
961 463 1003 516 30.
1029 463 1071 517 31.

127 662 217 724 tibus
246 662 356 743 peiora
383 665 458 726 sunt
485 660 643 725 hostibus,
681 663 723 724 At
751 661 806 725 ille
831 659 936 743 Scipio
965 660 1105 742 pontifex
1127 658 1282 722 maximus

127 773 248 845 uester,
279 768 334 832 ille
362 767 482 832 iudicio
510 769 611 832 totius
641 772 769 831 senatus
798 768 849 832 uir·
881 767 1032 848 optimus,
1061 766 1157 830 istam
1189 765 1282 830 uobis

128 881 278 940 metuens
307 875 519 939 calamitatem
548 875 676 939 nolebat
703 874 860 938 aemulam
889 877 965 936 tnnc
996 872 1122 955 imperii
1148 872 1282 936 Romani

128 983 357 1067 Carthaginem
385 982 467 1046 dirui
495 986 527 1046 et
560 982 738 1046 decernenti
771 985 808 1046 ut
840 981 1016 1045 dirueretur
1048 981 1282 1046 contradicebat

91 1113 104 1146 a·
128 1090 252 1166 Catoni,
269 1091 386 1154 timens
408 1089 541 1154 infirmis
565 1089 677 1153 animis
696 1090 821 1155 bostem
841 1089 1053 1166 securitatem,
1069 1093 1101 1152 et
1118 1092 1280 1170 tamquam

125 1197 263 1280 pupillis
297 1197 422 1262 ciuibus
454 1196 604 1262 idoneum
636 1201 773 1261 tutorem
812 1196 1024 1260 necessarium
1061 1195 1172 1258 uidens
1211 1213 1280 1258 esse

126 1309 292 1370 terrorem.
339 1303 406 1368 Neo
438 1309 511 1368 eum
539 1304 696 1368 sententia
722 1303 851 1367 fefellit:
879 1322 912 1366 re
940 1302 1010 1384 ipsa
1036 1302 1204 1383 probatum
1231 1305 1281 1365 est

127 1431 224 1493 quarn
249 1429 362 1474 uerum
386 1409 513 1476 diceret.
538 1409 653 1473 Deleta
676 1409 792 1492 quippe
813 1408 1001 1492 Carthagine
1024 1427 1137 1492 magno
1158 1406 1281 1470 scilieet

126 1522 247 1582 terrore
274 1517 434 1581 Romanae
466 1516 511 1580 rei
544 1516 689 1597 publicae
723 1516 855 1598 depulso
889 1519 921 1579 et
953 1514 1089 1579 extincto
1122 1517 1209 1578 tanta
1241 1513 1279 1578 de

80 1645 106 1683 ro
125 1627 223 1690 rebus
243 1623 403 1708 prosperis
423 1629 491 1689 orta
509 1625 593 1688 mala
613 1624 760 1689 continuo
782 1624 954 1689 subsecuta
973 1625 1058 1698 sunt,
1077 1625 1115 1687 ut
1133 1625 1280 1703 corrupta

125 1733 318 1814 diruptaque
356 1731 523 1796 eoncordia
558 1731 648 1813 prius
682 1731 787 1795 saenis
820 1730 1022 1811 cruentisque
1056 1727 1277 1800 seditionibus,

125 1839 241 1903 deinde
260 1857 333 1902 mox
351 1839 506 1902 malarum
525 1837 694 1902 conexione
715 1857 881 1902 causarum
897 1837 992 1902 bellis
1011 1838 1106 1901 etiam
1127 1837 1277 1901 ciuilibus

123 1947 234 2010 tantae
267 1953 391 2027 strages
424 1944 599 2021 ederentur,
632 1949 741 2008 tantus
775 1944 906 2026 sanguis
940 1943 1161 2020 effunderetur,
1190 1947 1275 2006 tanta

125 2051 302 2135 cupiditate
326 2050 591 2134 proscriptionum
614 2069 650 2116 ao
674 2051 852 2134 rapinarum
877 2051 1015 2115 ferueret
1037 2051 1215 2122 inmanitas,
1240 2053 1278 2113 nt

80 2177 105 2216 rs
122 2158 261 2222 Romani
288 2158 347 2235 illi,
371 2157 425 2240 qui
452 2157 520 2222 uita
547 2158 718 2242 integriore
741 2158 826 2221 mala
848 2157 1032 2222 metuebant
1055 2158 1093 2220 ab
1117 2157 1275 2233 hostibus

122 2265 250 2346 perdita
272 2265 456 2349 integritate
475 2263 560 2328 uitae
580 2263 757 2329 crudeliora
776 2268 957 2348 paterentur
976 2283 994 2328 a
1014 2263 1152 2336 ciuibns3
1178 2281 1276 2345 eaque

123 2372 194 2455 ipsa
221 2371 322 2436 libido
351 2370 543 2449 dominandi,
573 2389 654 2452 quae
682 2371 764 2435 inter
791 2371 853 2434 alia
881 2370 962 2434 uitia
989 2371 1113 2452 generis
1145 2369 1276 2434 humani

123 2479 279 2543 meracior
292 2479 393 2543 inerat
406 2478 555 2542 uniuerso
570 2478 688 2561 populo
703 2477 855 2556 Romano,
869 2482 981 2560 postea
1000 2496 1094 2559 qnam
1113 2477 1145 2541 in
1165 2476 1275 2560 paucis

122 2585 357 2668 potentioribus
385 2585 474 2662 uicit,
503 2585 637 2649 obtritos
666 2585 881 2668 fatigatosque
914 2589 1035 2648 ceteros
1069 2583 1165 2648 etiam
1197 2583 1274 2668 iugo

79 2711 104 2747 το
123 2692 291 2756 seruitutis
315 2691 482 2776 obpressit.

565 2884 701 2950 CAPUT
724 2884 839 2948 XXXI.

124 3027 282 3106 Quibus
311 3027 511 3091 uitiorum
545 3027 741 3112 gradibus
773 3030 894 3091 aucta
926 3027 983 3091 sit
1014 3027 1052 3090 in
1080 3026 1270 3091 Romanis

509 3134 655 3216 cupido
679 3133 887 3217 regnandi.

164 3276 251 3340 Nam
288 3275 411 3358 quando
448 3275 503 3339 illa
543 3274 718 3358 quiesceret
753 3276 784 3339 in
823 3273 1061 3357 superbissimis
1098 3271 1271 3348 mentibus

79 3413 104 3452 aa
122 3383 221 3448 donec
247 3382 437 3448 continuatis
461 3381 634 3448 bonoribus
659 3381 698 3446 ad
721 3385 914 3464 potestatem
932 3381 1051 3464 regiam
1071 3379 1271 3462 perueniret?

121 3489 288 3553 Honorum
302 3508 395 3571 porro
411 3489 692 3554 continuandorum
711 3489 848 3552 facultas
867 3506 928 3552 non
948 3489 1043 3564 esset,
1059 3487 1119 3549 nisi
1139 3486 1270 3550 ambitio

120 3595 328 3678 praeualeret.
352 3595 483 3660 Minime
506 3601 612 3660 autem
635 3595 831 3677 praeualeret
855 3594 997 3670 ambitio,
1016 3593 1082 3657 nisi
1101 3593 1132 3656 in
1151 3594 1269 3676 populo

120 3700 257 3765 auaritia
278 3701 465 3785 luxuriaque
489 3709 645 3784 corrupto.
669 3705 794 3766 Auarus
813 3721 888 3766 uero
908 3699 1152 3781 luxuriosusque
1170 3718 1269 3783 popu-

156 3913 169 3964 1
191 3914 256 3964 sunt
274 3911 346 3974 LA,·
365 3909 420 3963 sint
441 3909 538 3966 Crell.
557 3926 572 3963 o
591 3909 689 3964 Domb.
762 3909 956 3964 adornaretur
977 3908 1000 3962 0
1065 3909 1082 3959 6
1102 3913 1126 3962 et
1147 3908 1179 3962 16
1200 3907 1266 3962 cibi·

119 3999 169 4052 bus
193 3997 252 4053 LA
357 3999 372 4052 7
401 4003 544 4068 pronatum
569 3997 628 4051 La
718 3999 734 4052 8
764 4015 852 4067 quam.
879 4015 913 4050 m.
943 4002 963 4050 2
991 4014 1023 4050 ex
1051 4013 1110 4049 cum
1139 4011 1217 4062 eor-ra,
1247 3997 1270 4048 (¹

121 4087 151 4140 ll
174 4086 338 4157 diruptaque
358 4085 563 4158 LA;disrupt.
586 4087 719 4141 Ocella
776 4088 809 4140 12
829 4086 956 4140 oibilibus
975 4089 1035 4140 LA
1091 4087 1124 4139 14
1143 4085 1267 4138 immani-

118 4173 213 4228 tusC¹
262 4176 295 4228 15
315 4175 393 4246 uitas,
411 4193 438 4228 m
458 4175 587 4238 eraso‚C
631 4175 842 4230 171iuid0LA
889 4176 922 4228 18
941 4174 1120 4228 nieratior0¹
1171 4174 1267 4228 1901)-

119 4263 282 4328 ritosLll¹,·
302 4263 477 4368 obmrosppr
550 4266 584 4318 24
604 4266 748 4334 quiesciret
769 4265 803 4316 (1¹
876 4266 1021 4334 superuiss.
1041 4265 1100 4317 Ln
1173 4263 1267 4317 ralu-

119 4381 244 4448 xoriaque
267 4379 291 4432 0
361 4379 532 4449 luxoriusque
555 4379 578 4434 0
