3072 4930
377 415 427 469 De
456 415 630 470 ciuitate
659 413 721 470 dei
748 416 813 470 lib.
842 415 874 472 V.
902 434 977 488 cap.
1006 419 1031 474 9.
1212 421 1277 486 223

116 610 267 688 oracula,
292 629 372 693 quae
395 610 488 676 facile
510 613 647 694 possunt
669 609 785 686 refelli3
810 628 891 692 quae
910 612 1092 676 tamennon
1115 610 1185 694 ipsa
1205 631 1278 678 con·

116 716 240 781 uincit.
287 716 322 781 ln
345 715 395 781 his
424 719 530 780 autem
558 715 855 782 mathematicorum
885 717 1075 782 coniecturis
1099 719 1275 784 refutandis

116 823 192 888 eius
217 825 332 907 regnat
355 822 465 899 oratio,
489 823 563 905 quia
586 841 660 888 uere
683 823 765 888 tales
785 825 870 901 sunt,
894 826 933 887 ut
951 841 984 888 se
1003 823 1092 908 ipsae
1112 824 1277 890 destruant

117 933 151 996 et
175 929 339 995 refellant.
375 929 480 994 Multo
505 931 582 994 sunt
604 933 710 996 antem
735 928 976 1004 tolerabiliores,
1001 929 1056 1012 qui
1079 931 1132 994 uel
1155 930 1278 996 siderea

84 1035 188 1101 slata
203 1037 416 1114 constituunt,
440 1056 535 1119 quam
554 1037 615 1102 iste
636 1037 690 1120 qui
710 1036 796 1102 tollit
817 1037 1060 1118 praescientiam
1083 1038 1275 1104 futurorum.

117 1143 206 1208 Nam
237 1145 271 1208 et
294 1143 433 1208 confiteri
462 1161 534 1208 esse
556 1143 659 1208 Deum
689 1145 721 1208 et
748 1160 861 1227 negare
889 1143 1069 1226 praescium
1095 1143 1274 1208 futurorum

116 1251 327 1334 apertissima
348 1251 470 1316 insania
493 1253 550 1315 est.
574 1248 666 1330 Quod
686 1253 719 1314 et
736 1249 805 1332 ipse
825 1269 897 1314 cum
917 1249 1051 1328 uideret,
1076 1250 1171 1314 etiam
1190 1251 1272 1315 illud

117 1359 265 1423 tentauit
296 1357 381 1440 quod
413 1358 567 1442 scriptum
600 1359 663 1422 est:
696 1355 812 1420 Dixit
848 1355 1051 1438 insipiens
1082 1357 1120 1420 in
1154 1357 1273 1422 corde

118 1483 210 1530 suo:
250 1463 333 1529 Non
357 1467 419 1529 est
442 1463 565 1538 Deus,
591 1463 730 1529 sednon
754 1483 791 1528 er
815 1481 873 1527 sua
894 1481 1038 1545 persona.
1077 1462 1166 1527 Vidit
1189 1463 1273 1528 enim

77 1591 220 1654 mquam
259 1575 343 1636 esset
376 1570 571 1635 inuidiosum
604 1575 637 1636 et
667 1571 850 1648 molestum,
881 1568 1016 1653 ideoque
1041 1569 1167 1636 Cottam
1196 1571 1273 1636 iecit

118 1678 341 1762 disputantem
365 1677 402 1742 do
426 1676 484 1741 hac
508 1697 541 1742 re
565 1676 718 1742 aduersus
743 1676 868 1743 Stoicos
900 1676 932 1742 in
960 1676 1050 1741 libris
1075 1674 1112 1741 de
1142 1676 1271 1742 deorum

117 1789 234 1849 natura
254 1787 287 1849 et
304 1803 359 1868 pro
375 1783 500 1849 Lucilio
520 1783 631 1859 Balbo,
656 1784 707 1849 oui
732 1782 911 1850 Stoicorum
935 1787 1040 1866 partes
1061 1782 1271 1848 defendendas

119 1890 220 1970 dedit,
254 1891 369 1955 maluit
400 1890 480 1956 ferre
513 1890 701 1955 sententiam
727 1909 821 1973 quam
848 1909 904 1972 pro
930 1888 1034 1968 Cotta,
1068 1889 1122 1972 qui
1150 1889 1271 1955 nullam

118 1997 265 2062 diuinam
288 1999 432 2061 naturam
458 2015 528 2062 esse
551 1997 721 2062 contendit.
745 1997 780 2061 In
803 1996 894 2061 libris
919 2015 994 2061 uero
1014 1996 1051 2062 do
1076 1996 1270 2062 diuinatione

75 2126 100 2166 ra
120 2123 157 2168 er
176 2121 211 2168 se
230 2105 302 2186 ipso
322 2103 521 2187 apertissime
541 2103 704 2188 obpugnat
721 2103 962 2186 praescientiam
986 2101 1177 2168 futurorum.
1200 2103 1270 2168 Hoc

119 2213 230 2274 autem
268 2213 371 2275 totum
408 2209 510 2274 facere
541 2208 681 2288 uidetur,
718 2229 755 2274 ne
788 2209 890 2276 fatum
924 2228 994 2276 esse
1027 2211 1205 2275 consentiat
1237 2214 1270 2274 et

117 2317 234 2400 perdat
254 2316 386 2381 liberam
409 2316 619 2382 uoluntatem.
644 2315 742 2380 Putat
761 2316 844 2380 enim
863 2335 1015 2382 concessa
1034 2317 1167 2382 scientia
1181 2317 1270 2382 tutu·

117 2441 228 2489 rorum
246 2423 293 2488 ita
312 2441 382 2488 esse
397 2439 592 2505 consequens
611 2422 724 2500 fatum,
744 2425 781 2487 ut
799 2423 907 2507 negari
927 2423 1053 2488 omnino
1073 2441 1133 2488 non
1153 2425 1267 2507 possit.

120 2528 184 2594 Sed
208 2547 336 2612 quoquo
358 2527 452 2594 modo
477 2548 511 2594 se
533 2528 670 2592 habeant
691 2529 948 2594 tortuosissimae
968 2531 1216 2595 concertationes
1236 2534 1269 2595 et

74 2657 101 2700 ao
120 2636 355 2720 disputationes
382 2635 656 2718 philosophorum,
690 2654 746 2701 nos
775 2638 812 2699 ut
840 2635 1026 2700 confitemur
1049 2656 1211 2702 summum
1235 2641 1268 2701 et

118 2762 232 2808 uerum
269 2744 383 2820 Deum,
421 2743 468 2806 ita
503 2741 701 2807 uoluntatem
741 2761 961 2825 summamque
1001 2747 1192 2827 potestatem
1230 2763 1267 2810 ac

119 2848 361 2933 praescientiam
381 2849 448 2912 eius
468 2847 666 2924 confitemur:
687 2867 743 2912 nec
763 2849 913 2912 timemus
933 2868 971 2914 ne
989 2849 1060 2914 ideo
1080 2868 1139 2914 non
1156 2848 1266 2914 uoluu-

119 2959 186 3020 tate
215 2956 381 3034 faciamus,
413 2955 498 3038 quod
520 2955 687 3021 uoluntate
715 2955 861 3032 iacimus,
894 2956 967 3037 quia
989 2955 1022 3019 id
1045 2975 1103 3020 nos
1126 2955 1267 3020 facturos

119 3061 175 3126 ille
197 3062 379 3146 praesciuit,
404 3061 495 3127 ouius
514 3061 724 3144 praescientia
741 3061 809 3126 falli
827 3081 888 3126 nou
907 3065 1028 3144 potest3
1054 3059 1138 3144 quod
1158 3059 1266 3125 Cicero

76 3191 103 3232 ss
121 3169 240 3247 timuit,
263 3170 301 3232 ut
324 3167 522 3251 obpugnaret
543 3167 798 3250 praescientiam,
822 3172 854 3232 et
878 3167 987 3243 Stoici,
1012 3171 1049 3232 ut
1076 3187 1137 3232 non
1161 3167 1267 3232 omnia

121 3273 309 3340 necessitate
328 3273 395 3338 fieri
410 3273 559 3350 dicerent,
584 3274 730 3358 quamuis
747 3273 852 3338 omnia
866 3274 930 3339 fato
945 3275 1013 3339 deri
1033 3273 1265 3340 contenderent.

165 3379 249 3462 Quid
263 3384 315 3445 est
332 3399 416 3466 ergo,
441 3380 526 3463 quod
542 3379 651 3446 Cicero
670 3381 779 3446 timuit
797 3381 828 3445 in
848 3381 1057 3464 praescientia
1075 3383 1265 3458 futurorum,

120 3490 157 3550 ut
179 3505 249 3552 earn
266 3485 456 3551 labefactare
476 3485 690 3569 disputatione
711 3485 891 3551 detestabili
916 3487 1089 3552 niteretur?
1111 3486 1267 3553 Videlicet

207 3721 224 3774 8
242 3720 287 3774 Ps.
308 3720 350 3784 13,
371 3721 383 3773 l
443 3721 471 3774 ll
493 3720 554 3774 Lib.
573 3721 616 3774 III

155 3879 488 3936 aconiectmachomo
538 3879 783 3934 dautemsuntG
835 3879 1113 3950 opraescienuamo
1165 3881 1264 3936 8tem·

119 3970 190 4022 tauit
208 3968 280 4038 quod
295 3968 355 4023 ΕΛ
367 3967 478 4038 Odep¹
490 3969 533 4023 ab
547 3973 582 4038 ᾖς
600 3971 676 4023 tamt.
697 3985 814 4023 asserere
834 3967 905 4040 quod
925 3967 1060 4038 obp²po
1116 3969 1147 4024 ll
1169 3968 1264 4023 aduer-

120 4071 164 4109 sns
182 4055 426 4124 LdCobdcp;
444 4055 585 4111 aduersum
604 4074 620 4111 o
639 4056 738 4112 Domb.
816 4055 929 4110 istoicos
947 4055 1019 4110 Ln¹
1093 4057 1125 4110 14
1145 4056 1264 4111 diuinam

119 4147 174 4198 nat.
193 4145 286 4210 codd.;
304 4147 361 4202 nat.
380 4143 465 4199 diuo
538 4161 598 4199 esse
612 4185 708 4199 .....
724 4143 893 4198 diuinationes
912 4145 944 4198 in
961 4161 1081 4214 oneror
1152 4143 1184 4198 de
1203 4161 1263 4214 sup.

120 4233 208 4288 tiae
279 4233 654 4306 diuinationel,meroso,L
710 4233 911 4289 171iueramL
964 4235 1000 4288 20
1014 4239 1042 4288 et
1055 4251 1148 4288 uerum
1163 4251 1213 4288 om.
1231 4235 1265 4290 0ι

119 4321 152 4374 25
170 4323 261 4379 istoici
279 4321 365 4378 ΙΆΛ1
449 4325 483 4377 27
504 4339 568 4394 ergo
588 4330 630 4378 est
649 4341 665 4392 q
750 4325 784 4378 28
803 4324 966 4378 lausiactara
985 4329 1010 4378 et
1029 4323 1186 4378 detestabili
1204 4323 1263 4378 LA
