3072 4930
349 449 399 503 De
427 449 602 504 ciuitate
630 448 692 504 dei
720 451 785 504 lib.
815 449 845 504 V.
875 467 948 522 eap.
980 454 1020 508 12.
1191 457 1255 520 235

247 649 289 707 Tu
313 667 412 723 regere
435 650 556 724 imperio
579 651 711 726 populos,
735 651 873 722 Romane,
898 655 1042 710 memento

246 737 323 816 (Hae
345 739 400 798 tibi
423 742 508 798 erunt
531 735 621 818 artes)
647 740 769 814 pacique
792 741 932 814 inponere
955 759 1060 816 mores,

245 830 367 888 Parcere
390 829 528 888 subiectis
552 833 581 888 et
603 830 748 888 debellare
772 831 921 904 superbos.

102 947 175 1012 Has
209 951 294 1012 artes
325 947 374 1012 illi
405 951 493 1014 tanto
526 949 658 1032 peritius
692 950 887 1028 exercebant,
924 953 1042 1032 quanto
1079 949 1184 1015 minus
1222 967 1256 1013 se

69 1085 81 1122 s
103 1053 333 1136 uoluptatibus
353 1054 469 1120 dabant
493 1059 524 1120 et
548 1055 742 1121 eneruationi
766 1055 864 1120 animi
883 1059 915 1122 et
934 1055 1073 1140 eorporis
1091 1057 1124 1122 in
1144 1074 1256 1120 eoncu-

104 1159 272 1241 piscendis
305 1165 337 1224 et
368 1161 521 1246 augendis
554 1162 677 1228 diuitiis
711 1167 743 1228 et
773 1181 829 1246 per
856 1164 928 1227 illas
953 1163 1094 1229 moribus
1119 1181 1256 1227 eorrum-

103 1265 231 1347 peudis,
257 1267 404 1350 rapiendo
429 1267 554 1333 miseris
578 1268 715 1346 ciuibus,
739 1267 900 1354 largiendo
925 1268 1079 1336 seaenieis
1100 1269 1256 1353 turpibus,

106 1368 226 1459 [Unde]
259 1372 322 1452 Qui
352 1375 432 1438 tales
464 1375 527 1440 iam
561 1393 683 1440 morum
715 1375 786 1440 labe
815 1377 1006 1459 superabant
1033 1375 1136 1458 adque
1161 1375 1257 1441 abun·

105 1479 238 1556 dabant,
264 1479 387 1562 quando
412 1481 572 1546 scribebat
594 1481 656 1545 ista
676 1479 847 1548 Sallustius
872 1482 1065 1564 canebatque
1083 1481 1257 1566 Vergilius,

63 1613 87 1650 ιο
105 1603 167 1649 non
191 1585 261 1649 illis
285 1585 405 1650 artibus
434 1585 474 1649 ad
502 1586 636 1652 honores
666 1589 698 1652 st
721 1587 864 1672 gloriam,
889 1587 945 1653 ssd
969 1589 1050 1654 dolis
1074 1589 1176 1672 adque
1201 1588 1257 1653 fal·

104 1690 198 1756 laeiis
223 1691 414 1758 ambiebant.
438 1691 529 1758 Unde
552 1692 636 1757 idern
660 1693 752 1758 dioit:
777 1693 853 1760 ‘Sed
874 1693 975 1776 primo
1001 1695 1104 1778 magis
1125 1694 1256 1758 ambitio

105 1815 203 1879 quam
230 1797 363 1862 auaritia
387 1797 509 1864 animos
532 1799 696 1865 hominum
715 1800 889 1878 exercebat,
914 1800 999 1883 quod
1017 1805 1121 1866 tamen
1140 1799 1257 1865 uitium

104 1905 241 1987 propius
266 1904 418 1970 uirtutem
441 1908 517 1969 erat.
540 1905 623 1970 Nam
642 1906 775 1990 gloriam
795 1907 946 1972 honorem
964 1907 1135 1991 imperium
1153 1907 1257 1972 bonus

1 2095 2 2106 ἵ
106 2015 139 2074 et
167 2011 310 2094 ignauus
342 2031 442 2094 aeque
472 2012 534 2078 sibi
568 2017 728 2096 exoptant3
771 2013 828 2078 sed
860 2013 925 2092 ille,
957 2014 1071 2096 inquit,
1096 2033 1172 2080 uera
1204 2013 1259 2078 uia

66 2137 89 2176 ιε
106 2117 234 2192 nititur,
268 2118 342 2183 huie
375 2119 449 2201 quia
480 2120 580 2185 bonae
612 2125 695 2186 artes
720 2120 844 2198 desunt,
878 2120 960 2187 dolis
989 2120 1092 2204 adque
1120 2120 1256 2186 fallaciis

1 2309 2 2312 Ἴ
106 2223 293 2290 contendit?
319 2225 387 2290 Hae
411 2229 486 2290 sunt
508 2226 582 2292 illae
606 2226 705 2292 bonae
733 2231 827 2304 artes,
859 2247 915 2310 per
943 2227 1096 2292 uirtutem
1125 2227 1258 2304 scilieet,

1 2323 2 2334 ’
106 2350 168 2396 non
193 2351 251 2412 per
273 2331 416 2397 lallaoem
442 2332 646 2398 ambitionem
665 2334 704 2398 ad
723 2333 874 2400 honorem
894 2338 927 2400 et
950 2333 1085 2418 gloriam
1104 2337 1137 2400 et
1159 2333 1258 2418 impe-

106 2439 190 2502 rinm
224 2437 403 2521 peruenitur
442 2457 523 2520 quae
555 2444 660 2504 temen
692 2440 795 2506 bonus
828 2444 860 2506 et
889 2441 1026 2525 ignauus
1063 2459 1163 2522 aeque
1197 2439 1259 2506 sibi

107 2547 275 2627 exoptant3
300 2544 355 2609 sed
378 2545 443 2625 ille,
467 2546 499 2610 id
523 2550 573 2611 est
594 2547 708 2624 bonus,
732 2567 808 2612 nera
831 2548 885 2612 uia
908 2548 1030 2612 nititur.
1069 2545 1129 2612 Via
1153 2545 1257 2611 uirtus

65 2671 90 2708 κο
108 2654 169 2726 est,
203 2670 267 2733 qua
299 2650 411 2716 nititur
442 2655 604 2735 tamquam
639 2653 677 2718 ad
709 2653 922 2737 possessionis
950 2654 1056 2731 finem,
1088 2653 1123 2717 id
1146 2655 1196 2718 est
1219 2653 1258 2717 ad

108 2757 245 2840 gloriam
269 2757 418 2822 honorem
442 2758 620 2842 imperium.
666 2761 736 2826 Hoo
764 2761 896 2826 insitum
926 2760 1076 2826 habuisse
1099 2760 1257 2824 Romanos

108 2863 205 2928 etiam
230 2863 360 2928 deorum
385 2867 462 2948 aput
483 2867 557 2931 illos
581 2867 674 2933 aedes
697 2866 848 2944 indicant,
878 2885 956 2948 quas
981 2864 1257 2932 coniunctissimas

110 2971 356 3048 constituemnt,
396 2969 533 3038 Virtutis
568 2977 600 3038 et
630 2973 779 3052 Honoris,
817 2993 873 3057 pre
907 2972 955 3038 dis
993 2971 1144 3038 habentes
1178 2989 1257 3054 quae

202 3145 232 3196 ll
254 3143 314 3200 cat.
336 3145 376 3209 ll,
397 3145 409 3198 1

148 3259 161 3311 1
182 3257 284 3328 populo
305 3259 360 3312 00¹
445 3259 532 3314 2hae
551 3259 870 3331 Lacaedopqeae
893 3262 960 3317 haec
978 3263 1006 3316 lr¹
1024 3260 1140 3328 Domb.;
1164 3259 1261 3325 haef

112 3346 195 3414 artes]
214 3350 307 3416 partes
325 3365 360 3400 m,
379 3351 395 3400 1
411 3365 471 3417 sup.
492 3349 541 3404 lin.
562 3348 596 3408 L,
615 3349 638 3402 Λ
711 3367 798 3404 mores
818 3349 875 3403 LA
888 3349 1092 3418 abdepqalr
1104 3350 1138 3417 ᾖ·
1157 3365 1258 3402 morem

114 3433 160 3488 Cu
178 3435 278 3491 Domb.
352 3439 368 3490 5
397 3435 505 3491 dabant.
525 3442 622 3507 postea
641 3439 754 3508 (posteri
773 3455 807 3492 m.
827 3442 856 3504 2)
877 3455 940 3492 uero
959 3439 1090 3508 paulatim
1111 3436 1257 3506 degenera-

112 3529 217 3579 uemnt.
236 3524 423 3594 uoluptatibus
443 3543 471 3580 se
491 3525 588 3580 dando.
609 3531 637 3580 et
656 3528 830 3582 eneruatione
851 3528 910 3594 (eie)
930 3529 1023 3591 animi,
1039 3527 1132 3597 glonna
1155 3525 1257 3594 murgi-

113 3613 174 3666 nali
191 3613 271 3666 baud
288 3614 419 3668 dublein
438 3619 540 3669 deatum
558 3621 674 3684 recepta,
689 3633 711 3684 p
790 3619 965 3670 enarratione
984 3617 1054 3684 u¹lr;
1071 3615 1226 3670 neruationi
1244 3631 1258 3667 e

113 3703 128 3753 6
151 3701 201 3755 illa
221 3701 253 3754 0¹
327 3703 341 3756 7
369 3702 474 3757 cibibus
492 3702 551 3757 LA
623 3705 640 3758 8
668 3705 739 3759 unde
759 3705 805 3774 qui
822 3705 893 3758 tales
912 3705 965 3758 iarn
984 3721 1086 3758 momm
1106 3705 1166 3758 laba
1186 3704 1258 3770 (lane

113 3789 181 3856 LA)
205 3807 278 3858 maa,
300 3791 403 3846 inclusi
425 3791 505 3860 ande,
528 3793 603 3862 quod
624 3810 657 3848 ex
679 3794 762 3848 initio
785 3795 921 3864 aequente
942 3795 1093 3848 sententiae
1115 3793 1168 3846 buo
1189 3793 1257 3846 irre-

110 3878 198 3945 psisse
214 3879 334 3934 uidetur.
353 3897 424 3950 quae
443 3878 541 3934 Domb.
561 3881 709 3936 Moralium
727 3889 836 3936 seculae
854 3883 954 3936 edidit:
973 3881 1096 3950 Undique
1115 3881 1185 3934 tales
1204 3883 1258 3934 iam

2 4015 3 4026 ,
113 3983 213 4021 morum
233 3969 309 4023 labes
328 3968 500 4038 superabant,
519 3970 577 4024 iam
595 3986 626 4024 eo
645 3970 799 4039 displiceat,
813 3971 887 4040 qaod
898 3987 1011 4039 sequente
1024 3987 1095 4039 para
1107 3970 1259 4024 aeremitae

2 4081 3 4104 r
114 4072 167 4109 non
185 4057 240 4110 illis
260 4057 559 4112 artibus-ambiebant
577 4065 602 4114 et
619 4060 739 4114 subiecto
758 4067 784 4114 et
800 4061 914 4114 uinculo
933 4066 1008 4114 earet
1100 4061 1130 4114 ll
1158 4057 1221 4112 inde
1240 4077 1258 4110 α

116 4173 148 4225 12
177 4130 315 4227 mirllsb
407 4175 439 4228 13
467 4174 590 4244 proprius
612 4175 644 4229 0¹
753 4176 875 4246 uirtutes,
898 4193 925 4230 m
950 4176 1044 4242 deleto,
1066 4175 1100 4241 0,·
1123 4175 1259 4228 uirtutis

2 4311 3 4338 ἦ
117 4262 147 4314 15
168 4260 270 4316 (10110ί
327 4261 360 4316 18
378 4261 568 4332 ignabusLA
621 4264 654 4317 21
674 4264 1034 4335 slimpemunr,eterua.‚L
1088 4263 1122 4318 23
1141 4264 1257 4317 uirtutes

1 4367 3 4418 5
116 4355 142 4404 et
160 4350 273 4406 honores
295 4351 340 4418 0⁴5
359 4351 476 4405 Virtutis
496 4369 547 4407 em.
566 4369 580 4406 e
