3108 4926
370 422 421 476 De
449 423 623 476 ciuitate
652 422 712 475 dei
740 422 805 479 lib.
832 421 876 476 VI.
906 435 981 493 cap.
1005 425 1029 476 9.
1211 431 1277 494 289

125 617 301 700 prudenter
328 617 512 700 inspexerit:
544 617 651 682 ambas
681 617 802 697 ciuiles,
828 617 882 700 qui
907 619 1068 684 scaenicos
1093 619 1186 686 ludos
1210 642 1278 705 per-

126 725 263 789 tinentes
289 723 329 787 ad
351 724 530 788 fabulosam
552 724 583 788 in
609 724 739 788 deorum
764 724 909 790 ciuilium
935 725 1166 792 festiuitatibus
1191 732 1221 793 et
1245 729 1276 793 in

126 830 254 894 urbium
272 831 389 896 diuinis
404 831 499 895 rebus
515 830 697 894 aduerterit.
719 830 787 910 Quo
808 832 902 897 modo
916 830 1015 914 igitur
1029 833 1113 897 uitae
1133 839 1276 900 aeternae

126 937 247 1002 dandae
271 941 415 1020 potestas
439 938 587 1019 cuiquam
612 937 742 1002 deorum
767 937 902 1002 istorum
931 938 1090 1018 tribuitur,
1117 961 1195 1024 quos
1220 961 1278 1006 sua

94 1044 300 1108 ssimulaora
324 1049 356 1108 et
379 1063 468 1108 sacra
487 1039 681 1108 conuincunt
704 1043 753 1107 dis
779 1044 935 1110 fabulosis
955 1047 1154 1128 apertissime
1173 1067 1277 1130 repro-

125 1151 211 1214 batis
234 1169 304 1214 esse
329 1149 510 1214 simillimos
534 1149 644 1214 formis
668 1149 843 1230 aetatibus,
869 1170 943 1216 seru
974 1152 1096 1231 habitu,
1121 1155 1277 1238 coniugiis

125 1256 387 1339 generationibus
411 1255 537 1335 ritibus,
562 1256 593 1320 in
618 1255 734 1338 quibus
759 1257 905 1322 omnibus
931 1259 986 1322 aut
1008 1259 1152 1324 homines
1177 1261 1278 1324 luisse

124 1363 361 1447 intelleguntur
388 1366 421 1426 ot
447 1381 503 1444 pro
532 1361 785 1445 uniuscuiusque
813 1363 881 1427 uita
909 1365 961 1428 uel
990 1369 1090 1429 morte
1121 1385 1207 1430 sacra
1232 1367 1276 1430 eis

126 1471 159 1530 et
184 1467 352 1531 sollemnia
380 1467 563 1546 constituta,
588 1467 671 1532 huno
701 1487 835 1533 errorem
862 1467 1098 1535 insinuantibus
1127 1471 1278 1537 firmanti-

83 1574 252 1655 rebusque
282 1573 500 1651 daemonibus,
529 1576 586 1638 aut
613 1577 697 1638 certe
726 1593 762 1639 ex
790 1575 933 1657 qualibet
960 1577 1123 1642 occasione
1155 1579 1279 1643 inmun-

126 1679 253 1744 dissimi
278 1680 409 1762 spiritus
433 1681 579 1744 fallendis
604 1680 752 1745 humanis
776 1681 936 1746 mentibus
961 1683 1152 1766 inrepsisse?

574 1872 711 1938 CAPUT
734 1873 836 1939 VIIII.

337 2013 390 2077 De
423 2015 585 2079 officiis
618 2015 875 2099 singulorum
900 2017 1071 2082 deorum.

172 2155 281 2236 Quid?
304 2157 375 2238 ipsa
398 2158 563 2220 numinum
588 2157 693 2221 officia
715 2157 914 2221 tam'uiliter
936 2159 1182 2243 minutatimque
1207 2181 1278 2226 oon-

85 2285 108 2326 ro
127 2263 202 2338 cisa,
241 2267 373 2346 propter
410 2263 494 2346 quod
531 2263 577 2328 eis
615 2263 725 2328 dicunt
765 2283 821 2346 pro
863 2265 1115 2348 uniuscuiusque
1152 2270 1278 2352 proprio

126 2389 256 2435 munere
295 2371 469 2453 supplicari
505 2373 659 2452 oportere,
697 2371 779 2435 unde
817 2391 877 2436 non
910 2372 1039 2454 quidem
1073 2375 1188 2452 omnia,
1222 2377 1278 2440 sed

126 2477 229 2542 multa
257 2476 323 2540 iam
352 2476 498 2554 diximus,
522 2495 624 2541 nonne
653 2477 840 2541 scurrilitati
862 2478 1008 2542 mimicae
1032 2499 1127 2560 quam
1152 2480 1278 2544 diuinae

127 2587 304 2650 consonant
341 2583 510 2666 dignitati?
549 2582 583 2647 Si
621 2585 700 2648 duas
739 2584 908 2666 quisquam
945 2586 1084 2649 nutrices
1118 2587 1279 2652 adhiberet

125 2690 251 2770 intanti,
278 2707 411 2770 quarum
436 2708 499 2753 una
521 2689 601 2753 nihil
625 2689 687 2754 nisi
716 2708 832 2768 escam,
857 2690 956 2755 altera
978 2689 1058 2755 nibil
1081 2692 1143 2756 nisi
1166 2697 1278 2776 potum

85 2797 226 2874 nodaret,
258 2795 344 2859 sicut
369 2795 424 2860 isti
453 2793 491 2859 ad
519 2794 580 2859 hoc
609 2795 688 2860 duas
717 2795 928 2860 adhibuerunt
960 2796 1044 2875 deas,
1073 2798 1215 2862 llduoam
1247 2803 1279 2863 et

126 2903 288 2979 Potinam‚
311 2920 423 2984 nempe
449 2901 592 2983 desipere
617 2905 648 2966 et
672 2901 792 2984 aliquid
815 2902 911 2965 mimo
933 2903 1036 2967 simile
1055 2903 1086 2967 in
1107 2923 1165 2968 sua
1185 2904 1278 2969 domo

127 3029 220 3095 agere
255 3007 428 3072 uideretur.
462 3008 609 3073 Liberum
643 3029 659 3073 n
691 3009 897 3074 liberamento
931 3010 1124 3093 appellatum
1155 3012 1278 3086 uolunt,

128 3117 212 3196 quod
236 3133 340 3180 mares
363 3115 395 3178 in
419 3115 560 3180 coeundo
584 3135 641 3197 per
662 3116 730 3180 eius
749 3115 938 3180 beneficium
957 3117 1082 3182 emissio
1103 3117 1277 3182 seminibus

126 3223 318 3298 liberentur;
347 3221 407 3286 lroc
436 3221 520 3286 idem
548 3223 579 3285 in
609 3221 734 3286 leminis
763 3241 855 3306 agere
879 3223 1154 3306 Liberanr,·quam
1182 3223 1276 3288 etiam

86 3354 110 3395 ao
128 3328 286 3393 Venerem
319 3331 443 3410 putant,
472 3329 555 3411 quod
585 3333 616 3392 et
643 3329 745 3410 ipsam
768 3329 952 3412 perhibeant
976 3329 1096 3392 semina
1119 3330 1277 3404 emittere;

130 3439 159 3499 et
185 3435 225 3501 ob
252 3435 329 3499 haec
353 3418 466 3500 Libero
491 3436 622 3500 eandem
646 3435 769 3499 uirilem
796 3436 934 3516 corporis
958 3439 1080 3519 partem
1104 3437 1135 3499 in
1159 3435 1278 3517 templo

128 3542 213 3622 poni,
244 3540 415 3606 femineam
436 3541 578 3605 Liberae.
607 3541 655 3604 Ad
683 3541 760 3604 haec
785 3540 1077 3605 adduntmulieres
1103 3541 1279 3606 adtributas

128 3648 241 3712 Libero
274 3652 304 3711 et
332 3647 445 3712 uinum
467 3650 597 3730 propter
619 3646 782 3711 libidinem
807 3647 1035 3711 concitandam.
1066 3647 1118 3712 Sic
1140 3648 1278 3712 Banaba-

129 3754 214 3819 nalia
237 3773 364 3819 summa
387 3753 624 3818 celebrabantur
649 3753 784 3830 insania;
816 3753 869 3818 ubi
893 3753 991 3819 Varro
1020 3755 1088 3837 ipse
1112 3753 1279 3818 confitetur

164 3944 302 4002 rabitur
357 3944 390 3999 10
406 3961 436 3998 ex
451 3945 528 3998 anal
598 3944 859 3998 inmundissiruusG
912 3947 945 3998 14
959 3945 1101 4014 uissliterl
1156 3945 1189 3998 18
1205 3945 1277 4014 qnis-

131 4052 180 4104 qne
200 4053 247 4104 qa
303 4035 336 4088 19
354 4033 556 4102 infantiaeque
575 4033 613 4086 ad
632 4032 709 4087 daret
727 4049 778 4087 om.
801 4033 833 4088 0¹
888 4035 923 4088 20
942 4039 970 4087 et
990 4039 1055 4086 ante
1072 4033 1199 4086 Potinam
1217 4049 1277 4101 sap.

131 4124 225 4178 liat*
279 4125 313 4177 24
333 4122 531 4227 carantomo
583 4123 617 4177 25
637 4123 723 4192 ipsam
744 4123 790 4189 0¹;
808 4124 881 4193 ipsas
904 4122 938 4174 (7²
956 4123 1013 4176 rull.
1033 4140 1048 4176 u
1067 4122 1165 4176 Domb.
1236 4137 1277 4174 se-

131 4241 201 4295 mine
229 4239 254 4293 0
341 4239 553 4292 seminemittere
578 4239 587 4292 l
676 4241 711 4292 26
739 4238 772 4292 ob
802 4238 868 4293 haec
894 4239 917 4291 Ο
926 4239 983 4292 b¹d
993 4239 1003 4292 l
1025 4238 1138 4303 Domb.;
1166 4236 1199 4289 ob
1227 4235 1278 4290 hoc

133 4327 291 4398 ub²epqa
359 4327 393 4380 27
412 4325 455 4379 Ad
473 4325 555 4380 haec.
569 4367 574 4379 .
587 4325 701 4381 ,Libero
721 4342 771 4380 om.
792 4327 815 4380 c¹
871 4327 905 4381 29
925 4327 1094 4380 celebrantur
1108 4341 1157 4394 pq

158 4455 239 4495 xxxx
254 4453 314 4504 Aac.
329 4463 400 4503 opera
415 4451 488 4492 Soetlo
503 4451 522 4492 V
537 4461 590 4500 paru
605 4451 623 4491 1.
1209 4431 1241 4484 19
