3094 4932
248 449 289 509 22
583 443 610 496 S.
638 439 796 496 Aurelii
823 438 1040 510 Augustini

247 637 387 700 sanctam
417 633 633 710 confitebatur,
664 631 825 698 Christum
855 630 1072 696 confitebatur.
1112 628 1310 713 Quapropter
1338 631 1398 696 etsi

247 759 307 806 non
324 740 439 804 meruit
453 740 491 803 ab
512 739 657 803 hostibus
679 738 773 814 credi,
788 757 849 804 non
868 737 976 820 potuit
993 741 1098 802 tamen
1119 739 1246 801 sanctae
1266 755 1397 821 pauper-

246 847 323 912 tatis
348 847 509 912 confessor
533 845 599 910 sine
624 845 754 910 caelesti
777 845 920 909 mercede
943 845 1093 927 torqueri.

290 953 422 1027 Multos,
440 951 599 1035 inquiunt,
619 951 714 1016 etiam
736 951 932 1016 Christianos
952 949 1051 1014 fames
1072 950 1221 1014 diutnme
1244 950 1395 1015 uastauit·

245 1059 316 1124 Hoc
339 1078 464 1143 quoquo
488 1060 519 1122 in
543 1077 623 1122 usus
648 1077 722 1124 suos
747 1057 822 1121 boni
841 1057 951 1122 fideles
970 1058 1021 1140 pie
1040 1056 1203 1121 tolerando
1222 1059 1395 1121 uerterunt.
1430 1079 1445 1120 ε

247 1165 333 1246 Quos
363 1168 445 1232 enim
474 1165 572 1230 fames
601 1165 738 1243 neoauit,
767 1165 861 1229 malis
889 1165 975 1228 uitae
1003 1163 1109 1240 huius,
1138 1162 1223 1228 siout
1256 1165 1395 1247 corporis

246 1273 386 1351 morbus,
403 1271 533 1354 eripuit:
553 1290 632 1354 quos
649 1273 830 1336 autemnon
849 1271 986 1345 uocauit,
1002 1269 1112 1334 docuit
1129 1271 1256 1353 parcius
1275 1269 1396 1349 uiuere,

247 1379 358 1444 docuit
381 1377 566 1462 productius
590 1377 739 1442 ieiunare.

712 1585 850 1651 CAPUT
873 1585 928 1652 XI.

309 1727 361 1794 De
385 1729 467 1794 fine
490 1729 735 1814 temporalis
759 1729 871 1792 uitae
896 1727 984 1792 sine
1007 1727 1212 1812 longioris
1237 1729 1327 1792 sine
1415 1763 1442 1800 ro

707 1833 923 1899 breuioris.

292 1973 354 2040 Sed
393 1975 474 2040 enim
516 1975 609 2040 multi
647 1974 743 2040 etiem
783 1973 953 2039 Christiani
991 1973 1148 2039 interfecti
1185 1977 1269 2052 sunt,
1301 1976 1396 2040 multi

245 2085 415 2148 multarum
443 2084 594 2149 mortium
621 2083 715 2148 foeda
742 2082 894 2146 uarietate
928 2081 1095 2146 consumti.
1136 2079 1207 2146 Hoc
1240 2081 1269 2146 si
1302 2102 1398 2167 aegre

244 2189 407 2253 ferendum
440 2193 498 2267 θεῖ,
528 2190 685 2266 omnibns,
720 2189 775 2272 qui
807 2188 838 2252 in
870 2189 951 2254 hanc
985 2187 1084 2252 uitam
1118 2188 1274 2271 procreati
1307 2192 1393 2269 sunt,

244 2295 355 2377 utique
380 2315 546 2360 commune
571 2300 627 2360 est.
652 2297 722 2361 Hoc
746 2297 823 2373 scio,
843 2295 1000 2360 neminem
1022 2295 1123 2360 luisse
1147 2299 1320 2372 mortuum,
1342 2301 1393 2379 qni
1413 2323 1441 2360 rs

246 2419 307 2465 non
327 2401 430 2467 luerat
448 2401 615 2483 aliquando
636 2401 819 2467 moriturus.
843 2399 930 2465 Finis
951 2404 1056 2464 autem
1078 2401 1163 2465 uitae
1183 2405 1247 2464 tam
1267 2400 1395 2484 longam

247 2525 342 2589 quam
365 2507 493 2571 breuem
517 2509 617 2573 uitam
641 2509 701 2572 hoc
724 2509 808 2572 idem
828 2507 915 2572 facit.
938 2508 1050 2590 Neque
1072 2507 1153 2572 enim
1175 2507 1260 2572 aliud
1280 2509 1394 2573 melius

247 2616 279 2678 et
307 2613 393 2678 aliud
417 2614 566 2693 deterius,
591 2618 647 2678 snt
670 2614 758 2679 alind
780 2614 884 2680 maius
908 2617 941 2679 et
963 2614 1049 2679 aliud
1073 2615 1202 2680 breuius
1226 2619 1285 2691 est,
1311 2613 1394 2698 quod

246 2721 309 2785 iam
333 2721 451 2804 pariter
473 2741 534 2786 non
558 2726 617 2786 est.
657 2719 740 2800 Quid
765 2725 871 2786 autem
894 2721 1037 2799 interest,
1061 2741 1123 2804 quo
1147 2720 1257 2786 mortis
1282 2739 1394 2806 genere

247 2827 315 2890 uita
342 2828 404 2892 ista
432 2827 569 2904 finiatur,
598 2829 722 2911 quando
751 2828 817 2904 ille,
846 2829 899 2893 cui
927 2828 1045 2906 finitur,
1074 2829 1190 2892 iterum
1222 2829 1303 2892 mori
1336 2847 1396 2893 non
1414 2855 1441 2894 ro

249 2936 394 3017 cogitur?
414 2934 494 3000 Cum
514 2939 620 2999 autem
639 2935 811 3017 unicuique
830 2935 1012 3000 mortalium
1034 2935 1093 3000 sub
1110 2933 1293 3000 cottidianis
1312 2935 1397 2998 uitae

247 3040 343 3105 huius
367 3042 495 3106 casibus
518 3041 762 3106 innumerabiles
786 3045 904 3106 mortes
929 3041 1065 3124 quodam
1089 3040 1182 3105 modo
1206 3039 1397 3104 comminen-

246 3149 308 3225 tur,
328 3148 478 3229 quamdiu
497 3149 654 3212 incertum
674 3151 723 3214 est
748 3167 900 3229 quaenam
921 3167 1028 3213 earum
1047 3150 1181 3212 uentura
1204 3147 1256 3224 sit,
1282 3166 1395 3229 quaero

248 3257 354 3317 utrum
386 3255 487 3319 satius
521 3255 564 3318 sit
597 3273 690 3318 unam
722 3255 846 3336 perpeti
877 3254 1039 3319 moriendo
1073 3274 1110 3318 an
1144 3272 1252 3318 omnes
1285 3253 1395 3317 timere

247 3359 393 3425 uiuendo.
436 3361 502 3426 Nec
535 3362 644 3445 ignoro
679 3381 773 3444 quam
808 3360 902 3426 citius
937 3361 1074 3444 eligatur
1107 3359 1160 3424 diu
1193 3359 1302 3425 uiuere
1335 3359 1394 3423 snb
1414 3387 1442 3426 rs

285 3634 296 3688 1
319 3641 389 3689 scam
409 3639 533 3702 (sacram)
555 3635 589 3702 1¹,-
608 3653 683 3690 suam
703 3634 725 3690 1²
833 3639 861 3690 et
878 3638 1062 3705 asperserint)
1082 3637 1134 3690 sil
1236 3639 1253 3692 3
1272 3636 1394 3692 mercede

247 3725 369 3792 torqueri
387 3741 421 3780 nr.
441 3727 460 3778 2
478 3727 509 3778 in
527 3741 612 3794 marn.
633 3725 643 3778 l
750 3729 767 3778 4
785 3724 876 3780 uerbis
898 3726 999 3780 multos
1019 3727 1096 3796 inqui
1107 3724 1110 3798 l
1123 3725 1244 3780 desinere
1262 3727 1365 3780 codicis
1384 3725 1394 3778 l

242 3812 312 3881 solii
339 3811 382 3866 VI
399 3815 535 3883 pnqinnm
557 3831 675 3880 ansam,
698 3831 811 3882 sequens
833 3831 898 3868 nero
916 3815 1020 3883 solium
1044 3831 1061 3866 a
1084 3813 1175 3868 acerbis
1199 3816 1392 3884 [intrinselcns.

248 3900 295 3954 sed
315 3901 349 3954 ad
363 3919 392 3969 p.
413 3905 461 3969 25,
481 3905 522 3956 20
539 3903 667 3970 incipere,
685 3903 729 3956 ita
747 3909 778 3956 ut
796 3919 883 3957 rmum
896 3902 1000 3971 solium
1019 3903 1149 3957 eccidisse
1172 3909 1317 3972 apparent,
1336 3904 1393 3957 inm

247 3991 278 4042 in
304 3989 483 4058 descriptione
508 3991 610 4046 codicis
634 3991 677 4044 ill
702 3993 835 4046 monitum
860 3999 899 4046 cst
989 3995 1004 4047 6
1031 3993 1141 4047 necanit
1165 3992 1242 4046 malis
1268 3991 1354 4046 fames
1379 4009 1393 4045 e

248 4077 461 4148 8prodnctise¹
518 4083 548 4134 ll
569 4079 747 4134 brebiorssG
802 4082 834 4135 14
853 4081 880 4134 in
899 4081 950 4136 hnc
969 4082 1061 4135 uitae
1109 4083 1140 4136 15
1160 4081 1279 4135 esthon.
1299 4081 1395 4135 scioC

249 4169 283 4222 16
302 4171 436 4223 ettame
528 4171 560 4224 18
580 4173 607 4224 et
626 4175 668 4225 est
687 4170 959 4239 aliude;etom.q
1059 4174 1208 4240 nutusque
1226 4169 1391 4224 adbreuins

249 4273 335 4326 onaq
426 4259 458 4312 19
479 4259 595 4328 qnodC
666 4260 701 4314 20
720 4261 882 4313 istauitae
940 4261 972 4314 21
995 4259 1151 4314 cottidianis
1174 4261 1353 4331 Corquotid.
1373 4278 1391 4314 a

249 4349 282 4400 25
302 4347 382 4400 citius
401 4364 477 4414 rnss.,·
547 4347 661 4402 inertius
