3164 4932
395 417 445 471 De
474 417 650 472 oiuidete
678 417 740 472 dei
768 418 834 474 lib.
857 419 932 475 XIII.
957 437 1033 490 eap.
1059 421 1099 477 11.
1255 423 1319 487 629

170 614 310 677 testatus
345 615 403 690 est,
438 615 483 678 et:
511 612 581 678 Illis
610 611 713 697 adque
740 612 806 678 illis
835 613 916 677 illud
944 613 1046 698 adque
1074 614 1155 680 illud
1183 616 1319 680 moriens

170 718 353 802 dereliquid
379 719 524 802 quemuis
549 719 609 785 hoe
631 719 694 784 nisi
717 720 830 784 uiuens
854 721 981 785 omnino
1005 722 1107 786 faeere
1131 741 1192 787 non
1210 726 1321 804 posset

171 829 203 890 et
230 826 337 908 potIns
366 825 426 891 hoe
455 829 525 890 ante
549 828 683 890 mortem
706 825 827 902 feeerit,
851 844 913 890 non
936 826 969 890 in
992 830 1103 892 morte.
1140 827 1321 913 Loquamur

171 932 267 996 etiem
301 932 385 996 sieut
412 931 554 1014 loquitur
581 931 739 1013 scripture
766 931 884 1006 dimne,
913 951 993 1014 queo
1021 935 1164 999 mortuos
1193 953 1319 1018 quoque

138 1057 233 1104 enon
256 1041 497 1121 postmortem,
522 1039 576 1102 sed
601 1038 633 1102 in
656 1041 758 1103 morte
782 1057 932 1104 essenon
953 1038 1080 1104 dubitat
1099 1039 1212 1106 dicere.
1236 1039 1319 1106 Hine

171 1145 255 1210 enim
276 1147 327 1210 est
344 1145 440 1210 illud:
465 1144 662 1226 Quoniam
685 1164 758 1210 non
783 1148 846 1208 est
868 1147 907 1209 irr
927 1148 1064 1222 morte,
1085 1146 1153 1230 qui
1172 1166 1319 1211 memor
1399 1147 1402 1152 ’

169 1253 226 1317 sit
262 1253 334 1317 tui.
377 1253 485 1318 Donec
523 1253 606 1318 enim
638 1253 850 1334 reuiuesceret,
882 1257 968 1318 recte
1002 1271 1071 1318 esse
1105 1253 1255 1318 dicuntur
1285 1253 1317 1318 in

169 1362 282 1434 morte,
312 1360 397 1424 siout
422 1359 454 1424 in
483 1378 592 1424 somno
622 1378 692 1424 esse
721 1359 866 1442 quisque,
895 1358 994 1424 donec
1019 1359 1162 1444 engiIet‚
1187 1360 1317 1437 dicitur3

170 1467 317 1549 quamuis
342 1465 374 1532 in
399 1485 509 1532 somno
534 1465 655 1548 positos
680 1465 824 1531 dieamus
849 1466 1051 1546 dormientes,
1075 1485 1133 1532 noe
1156 1471 1259 1532 tamen
1281 1487 1317 1534 eo

127 1595 151 1631 ιο
170 1573 265 1638 modo
293 1591 466 1656 possumus
495 1573 598 1638 dicere
627 1591 692 1650 eos,
721 1571 776 1656 qni
798 1573 862 1638 Iam
887 1577 962 1640 suut
983 1574 1111 1653 mortui,
1136 1574 1316 1640 morientes.

167 1679 239 1744 Non
265 1678 348 1744 enim
373 1679 476 1744 adhue
499 1679 688 1758 moriuntur,
713 1680 777 1762 qni,
802 1681 955 1760 quantum
979 1679 1100 1745 adtinet
1118 1680 1157 1744 ed
1177 1681 1317 1763 oorporIs

168 1791 314 1864 mortem,
339 1787 377 1850 de
402 1805 464 1868 quo
486 1804 568 1850 nune
593 1785 790 1862 disserimus
810 1787 871 1850 iarn
896 1790 972 1852 sunt
990 1807 1008 1851 n
1026 1785 1210 1870 corporibus
1230 1806 1317 1870 sepa-

167 1893 238 1957 reti.
260 1892 323 1957 Sed
341 1893 402 1958 hoo
421 1895 480 1968 est,
496 1892 578 1973 quod
599 1892 662 1956 dixi
681 1893 826 1975 explicari
842 1893 950 1976 alique
962 1894 1123 1960 looutione
1138 1913 1198 1959 non
1212 1913 1317 1976 posse.

169 2017 307 2082 quonam
334 1998 428 2064 modo
457 2001 512 2064 uel
539 1999 711 2064 morientes
736 1998 882 2063 dieantur
904 2000 1014 2064 uiuere
1038 2002 1090 2065 uel
1113 2000 1176 2064 iam
1200 1999 1318 2066 mortui

124 2127 150 2167 ιε
168 2106 265 2170 etiem
288 2108 519 2188 postmortem
543 2105 646 2170 adhue
669 2125 739 2170 esse
764 2106 908 2170 dieantur
929 2107 960 2169 in
985 2110 1094 2173 morte.
1129 2106 1199 2186 Quo
1222 2106 1317 2174 modo

167 2213 252 2277 enim
280 2215 527 2295 postmortem,
556 2212 584 2277 si
612 2212 715 2277 adhue
743 2212 776 2276 in
805 2215 927 2277 morte?
950 2214 1137 2295 praesertim
1166 2232 1238 2278 eum
1263 2233 1316 2278 eos

165 2338 225 2384 neo
248 2319 418 2384 morientes
443 2319 597 2398 dieamus,
617 2319 712 2385 sicuti
732 2337 797 2397 eos,
818 2319 872 2402 qui
891 2320 923 2383 in
943 2337 1054 2385 somno
1074 2323 1159 2399 sunt,
1180 2319 1316 2385 dicimus

167 2425 368 2506 dormientes
394 2428 426 2491 et
449 2426 503 2509 qui
526 2426 557 2490 In
581 2427 745 2510 languore,
773 2425 970 2509 languentes,
997 2429 1029 2491 et
1056 2425 1111 2508 qni
1139 2425 1169 2489 in
1199 2425 1316 2504 dolore,

166 2533 278 2615 utique
311 2531 466 2610 dolentes,
500 2534 533 2596 et
565 2531 621 2615 qui
653 2531 685 2596 in
718 2531 797 2608 uite,
826 2531 988 2608 uiuentem
1023 2535 1056 2596 et
1083 2550 1159 2598 uero
1186 2532 1316 2610 mortui,

121 2662 149 2701 eo
167 2639 353 2722 priusquam
389 2641 567 2723 resurgant,
604 2657 674 2703 esse
712 2637 861 2702 dicuntur
897 2637 928 2700 in
967 2641 1079 2716 morte,
1116 2657 1174 2702 nee
1210 2641 1316 2703 temen

168 2749 304 2829 possunt
336 2745 490 2828 appellari
516 2745 696 2810 morientes.
739 2744 830 2812 Unde
859 2763 919 2809 non
947 2745 1115 2828 inportune
1142 2764 1243 2827 neque
1271 2745 1316 2810 in·

168 2871 308 2936 congrue
332 2851 466 2916 arbitror
489 2851 654 2930 eccidisse,
679 2851 739 2916 etsi
763 2869 823 2916 non
847 2851 985 2916 humane
1007 2851 1174 2929 Industrio,
1197 2851 1317 2916 iudioio

167 2960 303 3024 fortasse
332 2958 452 3035 diuino,
480 2961 518 3022 ut
545 2959 604 3024 hoe
631 2958 776 3040 uerbum,
801 2957 885 3040 quod
909 2961 959 3022 est
981 2957 1126 3034 moritur,
1149 2957 1182 3021 in
1205 2957 1318 3022 Latina

167 3065 277 3150 lingna
313 3084 370 3130 nee
408 3065 607 3150 grammatici
645 3065 801 3130 declinere
837 3064 1009 3148 potuerint,
1044 3083 1081 3128 ee
1111 3064 1222 3148 regule
1254 3085 1317 3147 qua

121 3192 149 3234 eo
168 3175 273 3237 cetere
299 3173 376 3236 tolie
403 3171 611 3236 declinentur.
653 3171 797 3254 Namque
825 3171 863 3236 ab
893 3190 929 3236 eo
959 3170 1042 3253 quod
1071 3175 1121 3235 est
1148 3171 1256 3246 oritur,
1280 3171 1316 3235 fit

167 3278 300 3343 uerbum
323 3279 484 3360 praeterit
510 3279 661 3362 temporis
685 3281 784 3344 ‘ortus
809 3279 880 3353 est’3
906 3280 939 3342 et
961 3277 989 3342 si
1013 3295 1075 3360 que
1094 3277 1212 3342 similini
1230 3281 1315 3354 sunt,

166 3404 223 3468 per
253 3385 408 3467 temporis
440 3385 603 3469 praeteriti
634 3385 801 3468 partieipia
834 3383 1040 3452 declinantur.
1082 3383 1130 3448 Ab
1164 3403 1199 3448 eo
1228 3401 1315 3462 uero,

167 3490 253 3573 quod
281 3493 331 3557 est
357 3492 501 3568 moritur,
531 3491 559 3556 si
587 3511 775 3575 quaeramus
803 3489 967 3575 praeteriti
994 3489 1145 3573 temporis
1169 3489 1313 3566 uerbum,

257 3775 337 3830 61²2.
357 3778 418 3838 6,6

203 3967 360 4039 2possidl
430 3968 542 4022 denirn
561 3969 643 4024 oeni
733 3968 822 4038 quisi
894 3969 1109 4024 ireuiuesoant
1132 3969 1168 4036 V;
1188 3969 1314 4026 reuiuiso.

165 4057 261 4112 reite
351 4073 410 4110 esse
429 4073 480 4111 om.
501 4075 518 4108 α
603 4056 730 4112 dIeuntur
749 4073 841 4112 esseo
912 4057 1063 4112 edidmus
1086 4057 1121 4112 V¹
1195 4059 1228 4112 14
1248 4075 1314 4126 qno·

166 4143 445 4214 niernd¹,·quouel²
500 4147 532 4200 17
551 4145 578 4198 in
599 4162 650 4200 om.
666 4145 688 4198 1¹
744 4145 777 4200 19
795 4146 890 4216 utIque
910 4162 960 4199 om.
977 4146 1035 4198 a¹u
1089 4147 1314 4216 ddpotnernntl

166 4235 202 4289 25
221 4235 345 4304 Namque
363 4251 449 4304 respue
467 4235 506 4290 ad
524 4235 694 4290 declinantur
712 4235 786 4290 l.'22
804 4251 854 4290 om.
875 4235 905 4289 a¹
976 4253 1038 4290 nenr
1058 4234 1128 4306 obp
1182 4237 1216 4290 27
1237 4237 1312 4304 uero]

166 4323 286 4378 uerbob
