3136 4928
371 421 420 474 De
450 418 624 486 ciuitate
653 419 714 474 dei
741 419 806 480 lib.
834 421 867 476 X.
897 437 971 492 cap.
1000 423 1043 476 29.
1216 425 1282 490 499

133 621 165 682 et
187 617 266 681 talia
288 617 405 692 futura,
430 617 523 698 quale
548 636 607 681 sua
628 616 858 681 resurrectione
882 615 1028 682 Christus
1053 617 1283 685 demonstrauit

133 725 323 808 exemplum.
348 722 410 788 Sed
434 723 676 805 qualiacumque
696 723 770 801 sint,
791 742 862 788 cum
882 723 1134 806 incorruptibilia
1151 745 1283 808 prorsus

134 837 165 896 et
191 831 373 896 inmortalia
400 831 562 914 nihiloque
591 830 712 894 animae
737 829 1045 914 contemplationem,
1069 851 1131 914 qua
1159 831 1189 896 in
1214 833 1281 897 Deo

133 937 252 1022 ligitur,
277 935 469 1020 inpedientia
495 936 715 1020 praedicentur
742 955 863 1020 uosque
893 936 988 1002 etiam
1017 936 1131 1004 dicatis
1155 958 1225 1005 esse
1248 940 1280 1004 iu

101 1067 113 1104 s
133 1043 326 1109 caelestibus
350 1042 531 1108 inmortalia
554 1061 684 1125 corpora
706 1043 916 1108 inmortaliter
933 1043 1112 1109 beatorum:
1138 1046 1282 1128 quidest

134 1150 228 1232 quod,
249 1153 286 1213 ut
308 1148 394 1214 beati
418 1151 528 1227 simne,
550 1169 642 1214 omne
666 1169 780 1234 eorpus
804 1149 989 1232 fugiendum
1009 1169 1079 1216 esse
1098 1152 1281 1237 opinamini,

131 1259 170 1321 ut
200 1255 295 1320 fidem
329 1255 537 1322 Christianam
573 1257 663 1340 quasi
696 1256 926 1321 rationabiliter
956 1258 1066 1342 fugere
1099 1259 1281 1339 uideamini,

131 1363 195 1428 nisi
223 1362 405 1445 quiaillud
435 1367 493 1440 est,
518 1361 602 1445 quod
630 1363 746 1428 iterum
776 1363 861 1427 dico:
891 1361 1037 1428 Christus
1066 1368 1116 1430 est
1138 1366 1280 1445 humilis,

130 1490 191 1535 uos
216 1470 366 1554 superbi?
389 1470 437 1534 An
461 1469 543 1535 forte
567 1469 682 1553 corrigi
706 1469 824 1552 pudet?
847 1471 889 1534 Et
911 1469 972 1534 hoc
994 1471 1111 1536 uitium
1134 1491 1194 1537 non
1219 1473 1281 1538 nisi
1359 1533 1362 1542 Δ

89 1601 113 1639 ιο
131 1576 342 1660 superborum
366 1584 425 1641 est.
449 1575 553 1641 Pudet
576 1575 729 1642 uidelicet
753 1576 862 1642 doctos
886 1577 1030 1643 homines
1054 1597 1089 1642 er
1114 1577 1280 1661 discipulis

129 1681 272 1749 Platonis
304 1682 372 1748 fieri
405 1683 580 1768 discipulos
609 1682 738 1760 Christi,
768 1684 822 1765 qui
853 1683 1043 1765 piscatorem
1076 1704 1133 1751 suo
1166 1686 1281 1769 spiritu

131 1789 242 1856 docuit
273 1809 383 1872 sapere
416 1809 452 1854 ac
486 1790 605 1855 dicere:
638 1791 678 1854 Iu
710 1790 898 1874 principio
933 1795 1013 1855 erat
1036 1790 1209 1869 Verbum,
1244 1797 1280 1858 et

130 1896 293 1961 Verbum
322 1900 401 1961 erat
429 1899 519 1979 aput
545 1897 672 1974 Deum,
702 1899 738 1962 et
761 1897 861 1961 Deus
886 1900 966 1961 erat
988 1895 1161 1963 Verbum.
1200 1897 1279 1963 Hoc

130 2007 211 2068 erat
233 2004 270 2067 in
293 2003 481 2087 principio
511 2005 602 2085 aput
629 2003 755 2068 Deum.
791 2001 921 2067 Omnia
943 2023 1009 2085 per
1031 2003 1154 2085 ipsum
1178 2005 1280 2070 facta

87 2131 112 2170 ιε
131 2113 230 2186 sunt,
256 2112 293 2174 et
320 2110 401 2175 sine
429 2110 512 2194 ipso
541 2111 684 2175 iactum
708 2109 896 2186 estnihil,
921 2110 1020 2192 quod
1042 2110 1186 2176 factum
1211 2115 1278 2177 est.

129 2218 171 2281 In
195 2217 279 2300 ipso
303 2217 385 2281 uita
409 2220 499 2294 erat,
520 2219 555 2281 et
578 2218 661 2281 uita
685 2220 763 2281 erat
785 2215 849 2280 lux
872 2216 1072 2295 hominum,
1097 2221 1133 2282 ct
1155 2219 1219 2283 lux
1242 2219 1278 2283 in

129 2322 302 2390 tenebris
323 2323 436 2402 lucet,
458 2327 494 2389 et
516 2325 694 2388 tenebrae
720 2342 797 2387 eam
821 2341 890 2387 non
916 2323 1278 2406 conprehenderunt.

130 2427 222 2508 Quod
245 2429 375 2498 initium
393 2431 493 2494 sancti
513 2429 682 2514 euangelii,
702 2429 754 2493 cui
773 2448 885 2493 nomeu
906 2431 955 2493 est
975 2429 1146 2496 secundum
1167 2431 1279 2495 lohan-

128 2557 212 2614 nem,
237 2535 365 2619 quidam
388 2536 583 2624 Platonicus,
609 2535 693 2600 sicut
716 2556 733 2599 a
758 2539 865 2600 sancto
890 2553 963 2600 seue
988 2535 1202 2619 Simpliciano,
1224 2538 1278 2620 qui

85 2665 110 2704 ro
127 2646 242 2725 postea
267 2643 500 2710 Mediolanensi
525 2643 679 2708 ecclesiae
706 2641 866 2725 praesedit
893 2643 1073 2726 episcopus,
1097 2644 1278 2709 solebamus

129 2748 247 2826 audire,
275 2749 379 2815 aureis
411 2749 528 2814 litteris
557 2749 820 2818 conscribendum
849 2753 880 2812 et
907 2768 963 2831 per
990 2769 1098 2814 omnes
1127 2749 1277 2814 ecclesias

128 2855 161 2918 in
187 2855 268 2920 locis
297 2856 556 2921 eminentissimis
583 2854 819 2940 proponendum
849 2875 918 2920 esse
946 2855 1081 2920 dicebat.
1120 2854 1183 2920 Sed
1206 2855 1276 2921 ideo

128 2961 226 3026 uiluit
245 2962 390 3045 superbis
408 2963 497 3028 Deus
516 2963 571 3028 ille
589 2963 752 3046 magister,
768 2961 1012 3044 quiaVerbum
1033 2981 1115 3027 caro
1134 2961 1277 3028 factum

130 3071 188 3133 est
208 3072 244 3133 et
262 3069 456 3135 habitauit
474 3069 510 3134 in
529 3071 652 3147 nobis3
673 3073 710 3133 ut
727 3089 839 3154 pamm
860 3069 902 3134 sit
920 3069 1045 3134 miseris
1065 3070 1151 3152 quod
1170 3089 1278 3154 aegro·

85 3197 112 3238 a
129 3177 208 3252 tant,
228 3173 290 3238 nisi
309 3194 342 3238 se
362 3175 456 3239 etiam
474 3175 507 3240 in
525 3175 596 3258 ipsa
615 3175 811 3259 aegritudine
831 3177 983 3242 extollant
1001 3179 1033 3240 et
1052 3175 1089 3239 de
1111 3175 1277 3254 medicina,

36 3286 42 3298 '
88 3283 90 3289 ’
130 3299 194 3364 que
216 3281 320 3344 sanari
342 3285 495 3364 poterant,
515 3282 712 3350 erubescant.
736 3281 807 3346 Non
831 3281 914 3346 enim
937 3282 999 3347 hcc
1021 3281 1142 3346 faciunt
1165 3284 1202 3347 ut
1221 3281 1277 3347 eri-

130 3392 253 3474 gantur,
278 3387 334 3452 sed
357 3390 395 3451 ut
417 3388 556 3454 cadeudo
582 3388 710 3473 grauius
734 3388 933 3472 adfligentur.

220 3630 312 3684 1210.
334 3633 358 3695 1,
379 3633 392 3685 1
413 3647 471 3701 sqq.

165 3806 181 3860 3
201 3805 431 3876 contemplatione
450 3821 514 3874 epa
586 3805 614 3858 in
635 3804 723 3873 deum,
742 3805 773 3859 ia
791 3821 877 3874 usurp.
896 3807 924 3858 in
945 3804 1031 3870 deoc
1086 3805 1102 3858 6
1121 3807 1152 3858 ut
1171 3803 1243 3874 quod
1258 3821 1276 3858 a

129 3898 263 3948 utores
337 3894 370 3950 10
389 3899 432 3948 eet
449 3893 537 3948 abab
612 3895 816 3948 llsnoom.a
888 3895 921 3948 16
940 3895 998 3946 uita
1017 3897 1091 3948 este
1163 3893 1197 3948 25
1216 3894 1277 3948 nie

128 3985 182 4038 uisi
201 4001 230 4038 se
250 3982 333 4038 etiam
351 3985 380 4037 in
397 3983 458 4054 ipsa
471 4001 529 4054 paq
548 3982 602 4036 nisi
620 4001 648 4037 se
668 3985 696 4038 in
714 3984 774 4053 ipsa
793 3983 875 4038 etiam
893 3983 953 4039 rell.
971 3999 987 4036 o
1006 3983 1105 4037 Domb.
1175 3983 1208 4036 27
1228 3982 1277 4036 sed

129 4071 274 4142 ...adflig
294 4089 377 4127 oms
979 4077 981 4083 ’
