3072 4928
280 401 343 464 110
624 398 651 456 S.
679 400 836 455 Aurelii
863 400 1082 470 Augustini

278 595 404 660 diuersa
431 595 628 680 temporibus
661 599 733 660 ante
767 595 940 662 aduentum
971 595 1171 662 Redemtoris
1204 597 1304 662 nostri
1339 597 1424 662 innu-

277 701 482 766 merabilibus
510 701 734 785 nonnullisque
763 701 857 767 etiam
885 702 1125 768 incredibilibus
1154 703 1298 768 cladibus
1327 723 1424 787 genus

278 811 493 874 contereretur
523 808 707 886 humanum,
732 829 812 892 quos
846 809 925 876 alios
959 829 1054 893 quam
1082 809 1162 876 istos
1186 810 1263 875 deos
1286 811 1422 874 mundus

277 915 412 993 colebat,
445 920 574 1000 excepto
611 937 674 982 uno
711 916 828 1001 populo
861 917 1006 982 Hebraeo
1044 920 1076 982 et
1113 916 1304 1000 quibusdam
1343 922 1423 980 extra

276 1023 382 1105 ipsum
410 1024 574 1106 populum,
603 1022 796 1105 ubicumque
825 1024 927 1106 gratio
954 1023 1062 1088 diuina
1090 1023 1177 1108 digni
1205 1024 1421 1088 occultissimo
1448 1040 1458 1077 ε

276 1131 379 1214 adque
398 1131 575 1196 iustissimo
595 1131 655 1195 Dei
674 1129 791 1196 iudicio
811 1132 960 1196 fuerunt?
985 1130 1104 1196 Verum
1122 1150 1160 1196 ne
1180 1131 1272 1197 nimis
1291 1131 1421 1214 longum

275 1237 399 1314 faciam,
418 1239 529 1302 tacebo
554 1237 685 1302 aliarum
705 1257 933 1320 usquequaque
953 1238 1096 1323 gentium
1116 1237 1199 1302 mala
1218 1237 1420 1323 grauissima:

276 1344 360 1426 quod
376 1344 414 1408 ad
428 1345 560 1409 Romam
576 1344 712 1428 pertinet
726 1345 965 1427 Romanumque
980 1344 1148 1427 imperium
1164 1347 1288 1409 tantum
1301 1344 1420 1426 loquar,

275 1451 308 1516 id
332 1456 381 1516 est
404 1451 443 1516 ad
466 1452 568 1534 ipsam
586 1450 711 1534 proprie
731 1451 896 1516 ciuitatem
916 1454 948 1514 et
967 1469 1184 1533 quaecumque
1204 1450 1252 1515 illi
1268 1453 1419 1516 terrarum

275 1559 328 1622 uel
356 1557 507 1622 societate
536 1557 721 1622 coniunctae
750 1557 804 1620 uel
832 1556 1013 1620 condicione
1042 1556 1203 1622 subiectae
1232 1561 1318 1636 sunt,
1344 1575 1419 1640 quae
1436 1575 1457 1614 ro

275 1665 339 1729 sint
359 1682 529 1748 perpessae
553 1666 624 1729 ante
649 1664 821 1729 aduentum
843 1663 970 1740 Christi,
991 1683 1063 1728 cunr
1087 1663 1150 1728 iam
1174 1663 1214 1728 ad
1238 1663 1306 1728 eius
1332 1666 1419 1747 quasi

275 1790 388 1853 eorpus
411 1771 626 1854 reipublicae
650 1771 854 1856 pertinerent.

747 1963 882 2030 CAPUT
905 1965 946 2031 ΙΙ.

273 2105 327 2168 An
362 2105 410 2179 di,
446 2105 513 2188 qui
547 2109 585 2170 et
618 2125 635 2168 a
667 2105 859 2170 Romanis
893 2108 931 2170 et
964 2126 982 2170 a
1014 2105 1183 2171 Graecis
1221 2105 1417 2170 similiter

350 2212 603 2289 colebantur,
629 2230 773 2275 causas
797 2211 1027 2289 habuerint,
1052 2213 1201 2295 quibus
1224 2213 1347 2277 Ilium
1433 2231 1453 2269 u

620 2321 860 2400 paterentur
884 2319 1075 2383 exscindi.

315 2459 458 2525 Primum
477 2460 548 2542 ipsa
563 2459 657 2524 'l'roia
674 2461 727 2524 uel
746 2459 853 2536 Ilium,
868 2459 950 2524 unda
970 2461 1058 2545 origo
1078 2465 1128 2525 est
1145 2461 1255 2544 populi
1273 2460 1414 2534 Romani,

271 2565 383 2649 (neque
412 2567 494 2631 enim
522 2565 787 2648 praetereundum
815 2569 871 2630 aut
899 2566 1166 2632 dissimulandum
1194 2571 1252 2644 est,
1278 2566 1362 2649 quod
1385 2569 1416 2631 et

271 2673 303 2737 in
331 2674 432 2756 primo
460 2672 540 2739 libro
570 2670 684 2758 adtigi)
710 2673 837 2738 eosdem
867 2673 985 2738 habens
1009 2674 1084 2739 deos
1108 2677 1141 2738 et
1164 2675 1270 2739 colens
1296 2690 1415 2756 quura

272 2779 400 2846 Graecis
419 2780 553 2857 uictum,
574 2784 703 2860 captum
722 2779 824 2863 adque
843 2780 981 2844 deletum
1003 2783 1074 2845 est?
1092 2779 1239 2858 ‘Priamo‚
1258 2781 1413 2862 inquiunt,
1430 2802 1453 2840 ro

271 2892 345 2953 sont
365 2877 494 2952 ‘reddita
517 2885 751 2951 Laomedontea
776 2890 906 2968 paterna
928 2887 1086 2971 periuria’.
1114 2887 1196 2970 Ergo
1220 2905 1332 2950 uerum
1356 2889 1412 2960 est,

270 2995 355 3077 quod
378 2994 490 3077 Apollo
515 2993 616 3075 adque
640 2991 806 3075 Neptunus
835 2993 937 3058 eidem
960 2993 1166 3058 Laomedonti
1193 2991 1412 3057 mercennariis

270 3101 416 3184 operibus
441 3099 638 3165 seruierunt?
661 3100 731 3165 lllis
751 3101 867 3184 quippe
886 3100 1071 3184 promisisse
1091 3100 1266 3165 mercedem
1286 3100 1412 3164 falsum·

269 3227 331 3290 que
358 3208 480 3272 iurasse
508 3207 701 3290 perhibetur.
738 3206 836 3271 Miror
861 3206 1041 3290 Apollinem
1069 3207 1267 3272 nominatum
1296 3205 1411 3270 diutina·

267 3319 368 3378 torem
396 3313 427 3376 in
455 3315 543 3377 tanto
573 3312 697 3396 opilioio
725 3313 886 3377 laborasse
913 3313 1106 3378 nescientem
1130 3311 1214 3393 quod
1235 3310 1411 3375 Laomedon
1427 3339 1450 3378 a

267 3423 372 3486 fuerat
389 3420 545 3502 promissa
567 3424 750 3504 negaturus.
785 3419 982 3502 Quamquam
1006 3439 1063 3484 nec
1086 3419 1193 3502 ipsum
1216 3417 1409 3499 Neptunum,

268 3528 415 3608 patruum
451 3527 528 3602 eius,
562 3527 691 3590 fratrem
723 3526 821 3602 Iouis,
853 3545 962 3610 regem
994 3527 1099 3605 maris,
1129 3524 1236 3590 decuit
1268 3523 1409 3608 ignarum

356 3771 390 3825 20
409 3770 491 3840 Verg.
510 3770 575 3825 rien.
594 3769 660 3833 1111,
680 3770 741 3823 542.
762 3768 860 3839 Georg.
881 3771 902 3832 Ι,
922 3770 974 3824 502

305 3930 316 4008 l
338 3933 400 3983 ante
420 3928 482 3982 adu.
501 3927 556 3984 red.
577 3945 628 3983 orer.
649 3928 676 3982 b¹
749 3927 991 3981 innumerabilibus
1010 3927 1036 3981 L
1097 3928 1113 3982 6
1133 3943 1166 3981 ne
1186 3927 1265 3981 nimie
1285 3927 1407 3995 Lipara

266 4009 351 4098 neumis
373 4043 407 4111 0,·
425 4061 459 4097 ne
478 4045 591 4097 nimium
611 4044 732 4098 abdce
750 4044 850 4098 Donat.
905 4043 922 4097 8
941 4044 1080 4112 pertinelt,
1100 4059 1116 4097 n
1136 4059 1216 4106 eras,
1235 4041 1262 4095 L
1335 4045 1351 4097 9
1370 4041 1407 4096 illi

266 4132 365 4186 om.e¹
440 4133 690 4202 quuaesunta¹
766 4133 957 4186 19ειονη.Λι
1025 4133 1068 4188 21.
1088 4133 1122 4186 22
1141 4131 1346 4194 laomedLli.
1363 4130 1408 4185 aed

264 4219 348 4274 iidem
365 4221 445 4289 infra
463 4221 578 4275 laomed.
597 4221 700 4275 lrabeat
789 4220 996 4275 laomedontaca
1014 4209 1146 4291 patnaqui
1164 4219 1232 4273 iuris
1251 4219 1291 4287 c¹;
1309 4221 1405 4274 laome-

265 4309 396 4364 dontaeae
415 4297 557 4380 patnreque
576 4311 689 4364 iniuriae
709 4307 735 4364 c²
789 4311 823 4364 24
842 4309 994 4380 apollonem
1016 4309 1047 4362 0¹
1104 4311 1138 4364 27
1157 4309 1227 4363 iobis
1245 4307 1272 4362 L
