3108 4926
295 411 359 475 334
635 407 661 461 S.
690 405 848 461 Aurelii
876 405 1098 476 Augustini

295 623 364 668 esse
393 603 447 688 qui
475 603 533 668 hos
562 603 593 667 in
623 602 740 668 mundo
771 601 846 666 deos
875 601 963 680 dicit,
988 619 1083 683 quam
1113 600 1234 664 stultus
1258 601 1307 663 est
1329 597 1426 681 quiin

293 712 385 778 nobis
410 729 484 776 ossa
503 714 535 775 ct
553 729 676 793 ungues
695 709 840 774 homines
860 708 947 773 dicit.
973 707 1035 773 Sed
1052 708 1131 772 baec
1149 726 1223 771 curu
1241 705 1428 789 philosophis

293 817 439 884 fortassis
472 817 594 902 agenda
627 820 714 890 sunt3
752 835 835 881 nuuc
867 821 973 880 autem
1006 814 1106 880 istum
1139 814 1243 878 adbuc
1275 813 1430 896 politicum

294 926 380 990 uolo.
403 924 487 989 Fieri
511 924 593 989 enim
617 927 734 1007 potest,
753 927 801 1002 ut,
820 924 897 988 licet
919 923 950 986 in
973 923 1061 986 illam
1086 921 1238 986 naturalis
1262 919 1430 1002 theologiae

295 1031 397 1096 ueluti
428 1031 607 1096 libertatem
641 1033 737 1112 ceput
769 1032 888 1114 erigere
915 1029 1083 1112 paululum
1111 1027 1256 1092 uoluisse
1284 1025 1432 1100 uideatur,
1462 1051 1474 1088 s

295 1138 397 1203 adhuc
416 1143 520 1202 tamen
539 1138 623 1202 hunc
641 1138 758 1201 librum
777 1155 909 1202 uersans
929 1140 961 1200 et
979 1155 1013 1200 se
1031 1134 1064 1199 in
1083 1135 1139 1200 illo
1155 1135 1275 1199 uersari
1290 1132 1433 1216 cogitans,

296 1264 367 1310 eum
392 1246 487 1310 etiam
511 1244 583 1308 inde
602 1244 775 1326 respexerit
794 1245 825 1306 et
843 1243 904 1307 boc
921 1245 1088 1326 propterea
1106 1241 1231 1318 dixerit,
1250 1259 1289 1304 ue
1307 1233 1434 1304 maiores

295 1352 364 1416 eius
395 1351 464 1417 siue
497 1351 576 1415 aliae
605 1350 752 1414 ciuitates
780 1350 940 1414 Tellurem
968 1349 1070 1430 adque
1097 1348 1283 1431 Neptunum
1309 1346 1436 1410 inaniter

296 1457 434 1523 coluisse
458 1456 633 1524 credantur.
673 1455 735 1522 Sed
757 1456 819 1521 hoc
842 1456 928 1521 dico:
961 1475 1034 1538 pars
1058 1455 1156 1520 animi
1178 1453 1336 1531 mundani,
1359 1470 1435 1534 quae

295 1582 350 1648 per
381 1567 497 1628 terram
530 1567 680 1648 permeat,
714 1563 799 1628 sicut
831 1583 894 1627 una
925 1567 975 1627 est
1010 1567 1103 1640 terra,
1138 1581 1220 1644 quur
1252 1580 1312 1625 non
1344 1559 1475 1622 etiamn

295 1689 391 1734 uuam
413 1669 490 1735 fecit
507 1671 610 1747 deam,
631 1689 725 1753 quem
746 1669 824 1734 dicit
842 1689 912 1734 esse
931 1669 1112 1734 Tellurem?
1137 1666 1229 1747 Quod
1249 1668 1275 1732 si
1294 1667 1338 1730 ita
1355 1664 1436 1740 fecit,

295 1776 350 1840 ubi
370 1777 430 1842 erit
449 1776 560 1856 Orcus,
579 1777 677 1841 frater
689 1776 776 1841 Iouis
796 1777 898 1859 adque
917 1755 1069 1858 Neptuni,¹
1087 1795 1180 1859 quem
1195 1775 1302 1839 Ditem
1320 1775 1436 1855 patrem

294 1887 431 1948 uocant?
454 1884 509 1948 ubi
533 1884 602 1949 eius
626 1884 759 1948 coniunx
777 1883 976 1966 Proserpina,
997 1902 1077 1967 quae
1101 1881 1275 1947 secuudum
1299 1880 1389 1945 eliam
1406 1877 1436 1942 ia

296 1990 415 2055 eisdem
447 1990 538 2054 libris
570 1989 709 2074 positam
742 1990 921 2073 opinionem
951 2009 1012 2054 non
1040 1993 1142 2054 terrae
1169 1987 1357 2066 fecunditas,
1385 1983 1439 2048 sed

295 2115 367 2178 pars
390 2097 520 2162 inferior
542 2096 746 2179 perhibetur?
780 2096 872 2176 Quod
896 2097 924 2161 si
949 2097 1060 2162 dicum
1083 2096 1178 2161 animi
1201 2095 1352 2160 mundani
1372 2111 1437 2175 par·
1454 2111 1474 2150 a

295 2207 371 2281 tem,
396 2221 468 2267 cum
492 2207 634 2285 permeet
661 2207 761 2268 terrae
792 2208 915 2287 partem
948 2204 1153 2285 superiorem,
1182 2203 1290 2267 Ditem
1322 2203 1437 2283 petrem

295 2309 397 2374 facere
422 2310 531 2388 deum;
557 2329 628 2374 cum
653 2329 728 2375 uero
752 2311 942 2389 inferiorem,
962 2310 1182 2394 Proserpinam
1205 2309 1310 2373 deam:
1335 2306 1437 2371 Tellus

294 2415 350 2480 illa
374 2416 450 2499 quid
474 2418 553 2482 erit?
581 2417 631 2482 Ita
654 2418 736 2483 enim
760 2420 876 2492 totum,
901 2417 985 2499 quod
1009 2417 1081 2500 ipsa
1103 2419 1179 2498 eret,
1203 2416 1235 2480 in
1261 2415 1339 2480 duas
1362 2414 1436 2478 istas

294 2526 400 2605 partes
429 2523 568 2606 deosque
596 2523 738 2588 diuisum
767 2527 826 2603 est,
850 2527 887 2588 ut
913 2525 984 2608 ipsa
1011 2524 1106 2589 tertie
1134 2542 1214 2605 quae
1242 2523 1286 2588 sit
1309 2524 1366 2586 aut
1386 2519 1436 2584 ubi

298 2629 341 2694 sit
363 2631 504 2694 inuenire
523 2649 584 2694 non
603 2631 720 2714 possit;
741 2631 803 2694 nisi
821 2629 892 2712 quis
912 2631 998 2696 dicat
1016 2629 1112 2694 simul
1130 2630 1211 2694 istos
1230 2630 1306 2694 deos
1326 2627 1436 2693 Orcum
1451 2643 1472 2680 o

296 2736 397 2818 adque
425 2736 646 2819 Proserpinam
675 2757 770 2801 unam
804 2735 894 2801 deam
928 2756 997 2802 esse
1024 2737 1185 2802 Tellurem
1218 2740 1249 2801 et
1280 2755 1342 2801 uon
1374 2751 1437 2800 esee

294 2842 358 2906 iarn
386 2846 462 2918 tres,
492 2842 546 2906 sed
575 2847 631 2907 aut
657 2861 752 2908 unam
780 2846 837 2907 aut
864 2842 960 2922 duos;
995 2847 1026 2908 et
1053 2847 1158 2908 tamen
1191 2846 1256 2907 tres
1284 2842 1435 2913 dicuntur,

296 2953 360 3014 tres
393 2949 559 3027 habentur,
586 2953 651 3015 tres
685 2951 832 3014 coluntur
860 2950 921 3014 aris
950 2951 1029 3032 suis,
1058 2951 1198 3016 delubris
1227 2948 1305 3024 suis,
1335 2946 1436 3022 sacris,

297 3055 486 3134 simulacris,
506 3055 724 3121 sacerdotibus
745 3057 824 3135 suis,
844 3060 876 3121 et
898 3077 955 3140 per
976 3058 1054 3122 baec
1073 3057 1169 3122 etiam
1187 3056 1356 3122 fallacibus
1373 3071 1435 3136 pro·
1530 3113 1531 3154 ,

296 3161 443 3226 stitutum
483 3162 619 3227 animam
657 3165 937 3247 constuprantibus
975 3163 1182 3228 daemonibus
1215 3162 1293 3228 suis.
1331 3160 1435 3226 Adhuc
1450 3174 1471 3215 a

296 3268 533 3350 respondeatur,
550 3288 643 3352 quam
657 3273 779 3382 partem
798 3273 899 3336 terrae
917 3274 1057 3355 permeet
1075 3289 1148 3355 pars
1167 3269 1316 3334 mundani
1337 3265 1434 3338 animi,

297 3377 334 3437 ut
361 3375 455 3438 deum
482 3375 579 3440 iaciat
606 3376 849 3441 Tellumonem?
886 3377 968 3456 Nou,
994 3377 1109 3460 inquit,
1138 3375 1195 3441 sed
1226 3395 1289 3440 uua
1321 3373 1433 3439 eedem·

335 3515 347 3567 l
369 3513 462 3583 quial
545 3515 595 3568 hos
615 3515 642 3568 in
661 3514 762 3569 mundo
783 3515 848 3570 dees
868 3515 935 3570 dicit
956 3517 1075 3586 Odelp
1094 3515 1208 3582 Domb‚,·
1225 3515 1277 3569 boc
1295 3515 1324 3568 in
1342 3507 1432 3568 mundo

298 3629 365 3684 dicit
384 3629 448 3683 deos
468 3647 525 3698 aq,·
545 3630 595 3684 bos
614 3630 679 3684 deos
696 3632 726 3684 in
744 3631 860 3688 mdo
927 3599 1063 3687 3nun⁶0
1132 3633 1290 3702 poleticum,
1308 3631 1339 3685 in
1356 3641 1431 3694 mara·

296 3736 331 3772 m.
351 3723 371 3773 2
389 3718 417 3772 id
436 3727 450 3774 e
470 3721 592 3784 ciuile,e
646 3721 788 3775 boelutl
842 3721 905 3776 bin
923 3723 1013 3792 ipsol
1067 3722 1255 3776 8eiusom.e
1327 3715 1432 3774 coluisse
1528 3749 1529 3796 ἓ

297 3809 448 3863 inanitero
520 3810 612 3863 9hoc
631 3810 713 3863 cml
787 3812 819 3864 12
844 3815 948 3880 petrem
966 3827 1025 3880 sup.
1046 3809 1141 3868 limi]
1212 3811 1245 3865 13
1264 3810 1375 3864 coniunx
1394 3801 1414 3856 C
1421 3815 1432 3852 e

298 3913 366 3966 quae
385 3914 436 3951 om.
458 3896 490 3949 0ι
583 3899 617 3952 14
636 3899 674 3952 eis
694 3899 813 3964 delibrie,
832 3900 863 3953 in
881 3917 966 3970 marp.
985 3917 1019 3954 m.
1037 3904 1057 3953 2
1076 3899 1183 3965 eisdem,
1202 3916 1216 3952 e
1304 3899 1335 3953 17
1353 3895 1431 3950 faeere

298 4001 375 4040 nuso
395 4003 428 4039 m.
450 3989 469 4039 2
488 3985 619 4049 diceret
693 3987 725 4041 18
747 3990 816 4058 eret]
837 3989 917 4042 criti
988 3993 1079 4059 partes
1097 3987 1165 4042 istas
1185 3988 1195 4042 l
1267 3987 1303 4042 20
1321 3979 1430 4040 inuenire

300 4073 790 4144 C¹bl¹a¹lc¹f;inueniriaepqv
862 4078 908 4148 qui
928 4078 949 4132 1¹
1013 4078 1048 4132 23
1066 4077 1179 4132 beriscl
1249 4065 1430 4164 delubriseuit
1527 4049 1528 4072 ³

297 4215 357 4268 sup.
378 4199 473 4252 lieo
542 4200 644 4296 sechris
664 4201 833 4254 simulachris
853 4201 872 4255 d
925 4203 959 4256 25
979 4201 1109 4256 adbsece
1163 4203 1198 4258 26
1217 4205 1321 4272 partem
1339 4169 1429 4251 mundi·

297 4339 331 4376 en.
352 4323 419 4376 2r'c
437 4341 522 4393 marp.
538 4301 622 4396 temp,
644 4325 679 4394 0,·
696 4329 784 4380 terrae
804 4343 854 4381 om.
875 4343 893 4380 a
948 4328 982 4382 27
1002 4325 1104 4391 eadem,
1124 4343 1175 4381 oea.
1196 4343 1257 4398 que,
1277 4327 1287 4381 l
