3136 4934
277 413 341 476 458
628 411 653 463 S.
682 409 836 462 Aurelii
864 408 1081 477 Augustini

275 602 442 684 promissis
466 601 536 677 Dei,
570 601 686 684 quibus
711 605 783 666 ante
807 619 958 664 annorum
982 600 1071 664 milia
1093 601 1247 684 praedicit
1270 602 1421 681 Abrahae,

276 707 359 790 quod
382 710 414 772 in
435 707 554 773 semine
575 707 643 771 eius
663 725 771 771 omnes
793 711 903 790 gentes
922 707 1175 772 benedictionem
1194 708 1321 773 fuerant
1339 710 1422 774 habi-

274 820 373 882 turae.
399 815 477 895 Quis
502 815 585 878 enim
608 833 668 878 non
692 813 825 877 miretur
849 813 951 878 eidem
970 814 1113 878 Abrahae
1138 814 1239 879 filium
1262 816 1421 899 peperisse

275 923 440 1008 coniugem
480 922 619 987 sterilem
653 941 689 985 eo
723 925 865 1005 tempore
903 921 1087 999 senectutis,
1126 941 1188 1004 quo
1225 941 1334 1006 parere
1367 943 1420 986 nec

273 1029 407 1094 secunda
442 1030 505 1093 iam
543 1031 662 1112 posset,
696 1029 798 1111 adque
836 1029 866 1092 in
905 1028 1047 1093 eiusdem
1088 1029 1231 1093 Abrahae
1269 1029 1420 1094 sacrificio
1450 1051 1461 1090 c

274 1135 432 1201 flammam
473 1137 606 1200 caelitus
636 1135 751 1201 saetam
784 1136 867 1200 inter
898 1136 1017 1200 diuisas
1054 1137 1203 1200 uictimas
1236 1135 1420 1215 cucurrisse,

274 1243 440 1325 eidemque
464 1243 608 1307 Abrahae
636 1243 831 1326 praedictum
862 1243 900 1307 ab
928 1242 1050 1328 angelis
1080 1244 1217 1306 caeleste
1240 1243 1420 1307 incendium

273 1349 491 1426 Sodomorum,
526 1368 605 1431 quos
635 1350 763 1432 angelos
787 1350 970 1413 hominibus
1001 1349 1122 1414 similes
1146 1349 1285 1432 bospitio
1316 1368 1420 1414 susce-

271 1457 360 1536 perat
392 1457 424 1518 et
455 1473 511 1536 per
543 1473 596 1519 eos
631 1453 669 1518 de
702 1455 789 1538 prole
822 1463 956 1519 uentura
988 1455 1047 1519 Dei
1080 1455 1238 1537 promissa
1264 1457 1418 1529 tenuerat,

272 1561 405 1644 ipsoque
427 1561 598 1625 inminente
616 1560 681 1624 iam
700 1560 843 1624 incendio
864 1561 976 1624 miram
993 1561 1030 1624 de
1051 1560 1198 1626 Sodomis
1217 1579 1272 1642 per
1292 1561 1418 1626 cosdem
1435 1587 1457 1626 n

272 1668 401 1751 angelos
424 1667 644 1732 liberationem
668 1667 750 1732 Loth
774 1667 831 1731 filii
856 1667 960 1731 fratris
985 1667 1064 1744 eius,
1095 1667 1188 1732 cuius
1211 1687 1290 1732 uxor
1313 1669 1343 1731 in
1368 1669 1420 1733 uis

270 1777 353 1838 retro
377 1773 549 1857 respiciens
574 1773 676 1856 adque
703 1773 736 1837 in
760 1774 859 1838 salem
887 1777 1016 1855 repente
1044 1791 1197 1838 conuersa
1224 1792 1340 1857 magno
1369 1775 1418 1838 ud·

269 1881 394 1945 monuit
417 1885 613 1944 sacramento
637 1881 796 1943 neminem
815 1879 846 1944 in
866 1881 920 1943 uia
937 1880 1135 1945 liberationis
1155 1899 1231 1944 suae
1250 1881 1418 1963 praeterita

272 1987 449 2050 desiderare
474 1986 607 2051 debere?
645 1987 704 2050 Illa
726 2005 803 2053 uero
828 2004 907 2068 quae
937 1989 969 2051 et
992 1989 1109 2069 quanta
1132 1990 1217 2063 sunt,
1252 2005 1333 2069 quae
1357 1987 1416 2050 iam
1543 2065 1544 2086 Χ

270 2111 326 2176 per
357 2093 489 2176 Moysen
523 2113 578 2176 pro
608 2093 724 2177 populo
759 2093 818 2157 Dei
842 2093 880 2157 de
908 2093 984 2176 iugo
1019 2093 1183 2157 seruitutis
1218 2093 1356 2158 eruendo
1383 2093 1454 2158 ins
1543 2087 1544 2142 i

269 2201 413 2283 Aegypto
437 2199 623 2264 mirabiliter
647 2203 738 2284 gesta
761 2201 845 2278 sunt,
879 2201 933 2263 nbi
959 2199 1043 2282 magi
1067 2199 1251 2274 Pharaonis,
1285 2199 1345 2263 boc
1369 2201 1416 2262 est

270 2306 353 2390 regis
377 2307 525 2390 Aegypti,
551 2307 604 2388 qui
628 2306 782 2389 populum
806 2307 897 2371 illum
919 2306 1132 2370 dominatione
1152 2306 1358 2387 deprimebat,
1378 2305 1414 2368 ad

270 2413 328 2476 boc
352 2413 454 2476 facere
479 2413 632 2494 quaedam
657 2413 736 2477 mira
759 2413 908 2496 permissi
932 2416 1017 2490 sunt,
1049 2416 1085 2476 ut
1107 2413 1286 2476 mirabilius
1311 2413 1412 2477 uince-

268 2521 388 2582 rentur!
407 2519 460 2582 llli
480 2520 563 2582 enim
582 2519 741 2584 faciebant
759 2519 921 2583 ueneficiis
939 2522 972 2582 et
989 2517 1256 2582 incantationibus
1270 2519 1411 2602 magicis,

270 2625 385 2706 quibus
410 2627 485 2706 sunt
512 2626 588 2690 mali
617 2626 731 2710 angeli,
762 2626 823 2690 hoo
852 2629 901 2690 est
924 2627 1102 2702 daemones,
1135 2623 1247 2698 dediti3
1286 2625 1449 2708 Moysesro
1543 2647 1544 2652 ¹

269 2741 375 2816 autem
400 2735 488 2796 tanto
511 2733 683 2814 potentius,
709 2737 825 2814 quanto
850 2732 979 2809 iustius,
1011 2731 1136 2795 nomine
1161 2731 1229 2808 Dei,
1262 2731 1317 2813 qni
1340 2729 1411 2794 fecit

269 2840 389 2903 caelum
420 2841 452 2902 ot
478 2842 605 2918 terram,
639 2840 850 2904 seruientibus
885 2839 1004 2921 angelis
1039 2857 1092 2902 eos
1120 2837 1213 2902 facile
1242 2837 1408 2919 superauit.

267 2945 410 3028 Denique
433 2946 463 3008 in
490 2946 583 3009 tertia
608 2948 702 3030 plaga
725 2946 943 3010 deficientibus
966 2945 1070 3029 magis
1096 2944 1203 3008 decem
1227 2943 1341 3027 plagae
1360 2961 1411 3026 per

267 3053 397 3134 Moysen
440 3071 552 3136 magna
593 3053 815 3136 mysteriorum
864 3052 1071 3135 dispositione
1118 3053 1282 3134 conpletas
1329 3053 1409 3125 sunt,

268 3159 383 3240 quibus
407 3159 446 3222 ad
478 3159 538 3223 Dei
570 3159 724 3242 populum
757 3158 980 3223 dimittendum
1014 3159 1186 3223 Pharaonis
1225 3161 1257 3221 et
1288 3158 1446 3241 Aegyp-s

266 3266 384 3330 tiorum
405 3267 483 3330 dura
502 3265 596 3330 eorda
615 3270 788 3330 cesserunt.
813 3266 949 3348 blorque
969 3265 1135 3348 paenituit,
1161 3268 1284 3328 etcum
1306 3264 1408 3328 absce-

268 3371 377 3436 dentes
410 3373 571 3437 Hebraeos
606 3373 757 3453 consequi
791 3378 987 3450 conarentur,
1019 3372 1085 3436 illis
1109 3371 1212 3436 diuiso
1245 3371 1324 3434 mari
1358 3389 1410 3452 per

267 3479 387 3542 siccum
412 3479 649 3543 transeuntibus
672 3479 756 3542 unda
778 3479 852 3542 binc
875 3479 976 3561 adque
1004 3478 1077 3542 bino
1105 3479 1137 3542 in
1166 3497 1236 3543 sose
1259 3477 1408 3541 redeunte

267 3585 406 3667 cooperti
430 3589 462 3649 et
486 3585 627 3667 obpressi
648 3588 732 3650 sunt.
757 3584 840 3665 Quid
860 3584 898 3649 de
917 3585 982 3649 illis
1002 3585 1164 3649 miraculis
1185 3584 1298 3661 dicam,
1320 3601 1407 3665 quae,

303 3862 575 3932 lDeisup.lia.o
631 3865 664 3917 13
682 3865 817 3918 neminem
836 3869 988 3933 m.2aup.
1009 3864 1096 3920 lira.a
1157 3864 1407 3933 15proom.eps

265 3947 307 4019 de]
328 3949 377 4003 sub
398 3967 411 4004 e
483 3951 611 4021 eruendo]
633 3953 774 4006 seruiendo
795 3970 808 4006 e
872 3953 907 4007 20
926 3953 1018 4022 angeli
1036 3953 1101 4006 mali
1121 3953 1150 4020 b;
1169 3952 1274 4022 angelis
1292 3951 1405 4004 melisa

265 4037 424 4107 demonibus
445 4055 463 4092 a
526 4041 558 4091 21
580 4041 729 4110 potentius]
750 4042 842 4110 potins
861 4059 879 4094 a
952 4042 1060 4110 iustius]
1080 4042 1160 4095 istius
1180 4042 1249 4108 ab¹,·
1266 4041 1298 4094 in-
1317 4057 1331 4094 e
1347 4044 1405 4108 post

264 4125 362 4180 iustius
381 4143 463 4180 erasa
481 4133 547 4181 aunt
564 4129 650 4182 uerba
670 4129 773 4198 angelis
793 4147 838 4183 eos
909 4131 1017 4184 nomine
1037 4130 1081 4184 dei
1100 4130 1190 4197 ckf;
1208 4130 1317 4183 nomine
1335 4145 1367 4182 m.
1386 4131 1404 4181 2

265 4215 361 4268 odd-do
381 4216 439 4269 einr
453 4216 484 4282 b;
502 4218 604 4270 nomini
625 4218 668 4271 dei
688 4219 748 4287 alp
760 4239 792 4285 α,·
810 4221 838 4272 in
857 4220 965 4272 nomine
984 4220 1127 4274 Dominio
1181 4221 1216 4274 22
1235 4219 1403 4289 superabats

264 4303 298 4356 25
318 4303 462 4371 pharaonis
482 4307 653 4375 egyptiorum
672 4308 744 4376 regi
762 4325 776 4361 e
830 4309 863 4362 26
884 4308 1062 4362 ascendentes
1080 4327 1098 4362 a
1151 4309 1185 4364 28
1204 4325 1233 4363 se
1253 4309 1269 4362 b
