3136 4934
279 419 344 480 446
520 461 524 467 .
621 413 647 466 S.
675 411 832 470 Aurelii
860 411 1078 482 Augustini

279 609 390 687 mines,
415 627 493 691 quos
513 606 685 672 honorifica
703 607 756 671 uel
774 605 989 672 recordatione
1008 607 1061 670 nol
1081 605 1258 694 praesentia
1281 605 1425 687 frequen·

278 719 394 781 tamus.
440 715 508 780 Nec
532 715 635 779 solum
661 733 706 792 ea,
741 713 857 795 quibus
880 731 937 778 noe
961 713 1111 796 religiosa
1133 713 1317 777 humilitate
1342 712 1425 776 subi-

279 823 392 900 cimus,
426 822 481 886 sed
506 821 661 904 quaedam
686 821 791 898 etiam,
817 839 897 903 quac
922 819 1066 884 subiecta
1090 822 1166 884 sunt
1188 819 1290 897 nobis,
1324 819 1426 903 porhi-

277 928 393 992 bentnr
412 926 484 993 ooli.
504 925 586 990 Nam
606 945 642 990 er
660 926 720 990 hoo
740 925 836 990 uerbo
857 929 889 988 et
907 925 1064 1009 agricolae
1084 929 1117 989 et
1135 925 1238 990 coloni
1257 928 1289 989 et
1304 925 1425 990 incolae

278 1037 442 1112 uocantur,
463 1037 494 1098 ct
512 1033 599 1114 ipsos
624 1031 698 1096 deos
722 1049 783 1095 non
809 1031 849 1095 ob
874 1031 960 1094 uliud
985 1031 1146 1114 appellant
1165 1031 1345 1108 caelicolas,
1366 1032 1426 1096 nisi
1451 1053 1464 1094 a

279 1141 363 1224 quod
387 1140 511 1206 caelum
535 1140 650 1214 colant,
684 1158 745 1203 nou
770 1137 880 1219 ntique
909 1137 1098 1215 uenerando,
1131 1137 1187 1202 sed
1210 1138 1424 1216 inhabitando,

279 1250 441 1330 tamquam
467 1245 547 1310 caeli
567 1245 722 1328 quosdam
741 1245 884 1319 colonos;
910 1263 970 1309 non
991 1243 1075 1308 sicut
1094 1245 1294 1327 appellantur
1313 1246 1424 1313 coloni.

279 1353 334 1435 qui
367 1352 581 1417 condicionem
617 1351 732 1416 debent
764 1350 896 1435 genitali
929 1351 1008 1429 solo,
1042 1355 1170 1434 propter
1196 1351 1423 1436 agriculturam

280 1461 338 1524 sub
359 1459 497 1524 dominio
518 1477 749 1541 possessorum,
775 1458 840 1534 sed,
866 1457 951 1522 sicut
973 1457 1019 1521 ait
1038 1457 1165 1539 quidam
1184 1457 1288 1522 Latini
1309 1459 1425 1540 eloquii

278 1585 413 1650 maguus
439 1569 562 1630 auctor:
1442 1592 1466 1630 nr

515 1694 590 1752 Urbs
613 1693 735 1768 antiqua
756 1693 821 1765 fnit,
845 1653 924 1768 lyr-ii
945 1699 1064 1753 tenuere
1088 1694 1192 1753 coloni.

278 1814 327 1878 Ab
351 1813 515 1878 incolendo
541 1814 623 1877 anim
648 1813 776 1879 colonos
800 1814 940 1891 uocauit,
965 1832 1026 1877 non
1052 1812 1090 1876 ab
1115 1813 1321 1897 agricultura.
1346 1815 1424 1878 Hinc

279 1920 484 1985 etciuitates
509 1920 723 1984 amatoribus
757 1921 943 1985 ciuitatibus
978 1921 1067 1984 uelut
1093 1921 1283 2004 populorum
1315 1922 1426 1984 erami-

279 2027 372 2090 nibus
410 2026 553 2091 oonditae
592 2026 732 2091 coloniae
769 2031 998 2110 nuncupantur.
1044 2025 1089 2090 Ac
1123 2046 1179 2108 per
1211 2026 1271 2090 boc
1304 2027 1424 2091 cultum

280 2133 408 2215 quidem
440 2152 501 2196 non
531 2133 635 2196 deberi
671 2133 732 2198 nisi
761 2134 827 2198 Deo
860 2133 986 2215 propria
1009 2133 1143 2216 quadam
1178 2131 1306 2197 notione
1339 2133 1424 2198 uerbi
1443 2157 1465 2197 n

279 2239 374 2302 huius
409 2239 534 2304 omnino
568 2239 774 2304 notissimum
808 2244 870 2314 est3
910 2239 965 2304 sed
990 2239 1065 2322 qnia
1097 2243 1130 2304 et
1157 2241 1289 2304 aliarum
1323 2260 1425 2304 rernm

281 2346 397 2409 dicitur
421 2344 537 2418 uultus,
572 2345 643 2409 ideo
667 2344 777 2410 Latine
805 2364 867 2409 nno
896 2346 992 2410 uerbo
1022 2346 1193 2430 significari
1222 2346 1330 2410 cultus
1362 2346 1426 2410 Deo

281 2450 407 2515 debitus
432 2469 492 2514 non
516 2453 633 2534 potest.

324 2556 405 2621 Nam
438 2561 470 2620 et
502 2557 573 2639 ipsa
600 2557 710 2642 religio
744 2559 891 2639 quamuis
926 2559 1108 2623 distinctius
1146 2578 1208 2624 non
1241 2559 1426 2641 quemlibet,

280 2664 335 2728 sed
360 2663 418 2726 Dei
443 2663 566 2727 cultum
590 2663 767 2748 significare
791 2664 938 2729 uideatur
963 2665 1058 2750 (unde
1086 2666 1149 2730 isto
1179 2666 1305 2730 nomine
1336 2667 1426 2730 inter·
1442 2693 1465 2730 aa
1552 2730 1553 2751 q

280 2769 394 2851 prelati
419 2772 494 2832 sunt
517 2771 616 2834 nostri
640 2789 719 2848 eam,
744 2789 823 2852 quae
845 2769 963 2836 Graeco
983 2773 1133 2858 θρησκεία
1153 2771 1299 2858 diciturl:
1322 2779 1424 2838 tumen

280 2876 355 2958 quia
378 2875 490 2940 Latina
518 2875 668 2958 loquendi
698 2877 937 2948 consuetudine,
970 2897 1030 2942 non
1063 2877 1280 2960 inperitorum,
1315 2899 1426 2945 uerum

280 2983 375 3046 etiam
400 2981 668 3061 doctissimorum,
701 2987 733 3048 et
756 2983 998 3068 cognationibus
1022 2983 1168 3049 humanis
1193 2985 1295 3068 adque
1320 2987 1426 3051 adlini-

278 3088 399 3153 tatibus
420 3091 452 3151 et
471 3089 649 3173 quibusque
669 3091 957 3155 necessitudinibus
979 3090 1094 3156 dicitur
1113 3093 1285 3157 exbibenda
1304 3094 1425 3178 religio.

278 3216 339 3261 non
374 3215 410 3261 ec
443 3196 600 3261 uocabulo
634 3198 755 3261 nitatur
788 3197 985 3281 ambiguum,
1019 3217 1091 3262 oum
1117 3199 1154 3262 de
1186 3199 1273 3263 cultu
1298 3199 1425 3264 deitatis
1441 3223 1463 3262 aa

278 3303 415 3367 uertitur
438 3303 593 3384 quaestio,
618 3307 654 3366 ut
676 3303 810 3368 fidenter
833 3305 936 3369 dicere
961 3305 1125 3370 ualeamus
1154 3305 1340 3390 religionem
1366 3327 1423 3372 nou
1550 3289 1551 3297 ἵ

280 3428 350 3473 esse
382 3409 443 3472 nisi
477 3410 600 3474 cultum
625 3410 692 3486 Dei,
718 3411 866 3493 quoniam
894 3412 1025 3476 uidetur
1047 3412 1106 3475 hoc
1129 3412 1263 3475 uerbum
1288 3433 1306 3477 a
1329 3413 1425 3499 signi·

279 3514 401 3580 ficanda
425 3516 626 3581 obseruantia
648 3517 894 3600 propinquitatis
923 3519 1077 3582 humanae
1105 3518 1277 3583 insolenter
1300 3521 1423 3585 auferri.

372 3759 401 3811 ll
423 3757 502 3828 Verg.
522 3759 588 3812 den.
609 3758 630 3823 Ι,
652 3760 684 3813 12

315 3917 331 3968 3
351 3916 461 4014 quidam
477 3935 521 3986 pe
576 3919 591 3972 3
610 3935 649 3986 sq.
665 3935 733 3988 quae
753 3921 876 3974 subiecta
887 3963 1035 3979 .........
1047 3923 1182 3992 agricolae
1202 3941 1316 3994 omps
1369 3887 1422 3985 ilos,

276 4041 309 4092 in
329 4057 414 4109 marq.
434 4041 616 4109 l.anobis‚c
671 4044 942 4114 ooliperhibenturo
996 4047 1211 4104 dcouditionia
1263 4051 1297 4104 10
1311 4055 1388 4104 autor
1400 4049 1421 4102 0¹

281 4129 314 4181 12
334 4127 367 4181 ab
388 4129 470 4196 agric.
490 4131 641 4198 uulpem·
660 4131 693 4184 ab
712 4148 764 4187 om.
785 4133 851 4185 u¹ls¹
870 4134 968 4188 Dcnrb.
1062 4137 1094 4190 17
1114 4138 1249 4206 signaris
1339 4138 1421 4192 cultris

280 4232 331 4270 ona.
352 4233 369 4268 o
434 4219 465 4270 21
488 4219 587 4272 trescia
601 4235 660 4288 ps;
678 4221 794 4274 threstia
813 4239 832 4275 a
895 4225 929 4276 22
947 4225 1033 4278 latina
1053 4241 1072 4279 a
1126 4227 1161 4278 24
1179 4227 1421 4280 necessitatibusu

281 4305 315 4356 25
336 4305 407 4373 cum]
429 4303 492 4358 dum
513 4323 558 4358 aa
613 4309 787 4366 araone
842 4312 876 4365 28
895 4312 1039 4366 insolerter
1057 4313 1118 4368 e¹lc¹
1192 4313 1315 4370 offeruit
