3136 4934
340 465 389 518 De
418 465 591 518 ciuitate
619 464 681 517 dei
707 463 773 518 lib.
799 463 886 521 VIIII.
912 481 986 534 cap.
1014 466 1054 520 10.
1081 466 1122 518 11.
1238 467 1302 530 423

157 660 275 724 Essent
297 659 412 743 quippe
436 659 593 724 feliciores
617 659 811 739 homiuibus,
836 661 863 726 si
887 662 1018 726 mortale
1044 681 1115 726 curn
1141 661 1186 726 eis
1210 661 1303 726 habe-

156 769 226 832 rent
249 785 364 850 corpus
389 769 516 831 etcum
541 766 589 831 dis
614 767 753 832 animum
777 768 915 833 beatum.
944 763 1060 834 Essent
1083 772 1189 834 autem
1213 787 1303 852 pares

155 874 351 952 hominibus,
381 873 505 939 sicum
530 873 633 938 animo
657 873 773 940 misero
798 893 912 958 eorpus
938 875 1050 940 saltem
1075 875 1208 940 mortale
1232 894 1303 940 cum

157 981 203 1044 eis
228 981 342 1045 habere
367 981 573 1056 meruissent3
608 979 636 1044 si
659 983 763 1044 tanren
793 980 993 1064 adquirerent
1022 981 1141 1063 aliquid
1165 981 1305 1064 pietatis,

127 1093 193 1150 sut
221 1087 261 1151 ab
290 1087 448 1152 aerumnis
475 1087 529 1152 uel
556 1087 588 1151 in
616 1091 716 1152 morte
744 1087 988 1169 requiescerent.
1021 1087 1113 1154 Nunc
1141 1107 1215 1153 uero
1244 1106 1304 1151 nou

156 1196 262 1259 solum
286 1193 444 1258 feliciores
464 1193 644 1258 hominihus
669 1214 730 1258 non
754 1198 829 1258 sunt
852 1195 956 1259 animo
980 1195 1105 1272 misero,
1131 1199 1186 1261 sed
1210 1195 1304 1259 etiam

156 1301 338 1366 miseriores
368 1304 443 1364 sunt
470 1304 622 1384 perpetuo
652 1301 791 1384 corporis
815 1301 955 1367 uinculo.
996 1301 1067 1366 Non
1091 1304 1175 1366 enim
1200 1302 1306 1382 alique

156 1409 288 1490 pietatis
312 1410 345 1470 et
367 1407 540 1490 sapientiae
565 1407 732 1491 disciplina
754 1405 953 1491 proficientes
976 1409 1119 1494 intellegi
1143 1408 1248 1472 uoluit
1269 1426 1306 1471 er

157 1513 368 1578 daemonibus
406 1515 475 1609 fieri
512 1515 598 1594 deos,
640 1533 712 1578 cum
750 1513 949 1597 apertissime
987 1515 1099 1580 dixerit
1136 1515 1305 1579 daemones

116 1647 138 1682 n
157 1625 313 1686 aeternos.

624 1725 761 1793 CAPUT
784 1727 839 1791 Xl.

205 1871 260 1935 De
286 1869 475 1953 opinione
499 1870 818 1944 Platonicorum,
843 1889 918 1952 qua
941 1873 1087 1952 putant
1112 1869 1263 1934 animas

293 1977 496 2042 hominum
524 1975 737 2042 daemones
762 1995 850 2041 esse
875 1981 969 2061 post
993 1997 1172 2059 corpora.

204 2119 292 2184 Dicit
325 2119 453 2202 quidem
487 2123 519 2184 et
551 2119 670 2184 animas
704 2119 865 2185 hominum
899 2120 1068 2185 daemones
1102 2139 1172 2184 esse
1205 2123 1238 2184 et
1270 2139 1305 2184 ex

117 2226 341 2291 ishomiuibus
365 2225 433 2290 fieri
455 2227 547 2304 lares,
581 2227 609 2290 si
631 2227 705 2290 boni
729 2227 834 2291 meriti
859 2231 946 2303 sunt3
980 2227 1128 2303 lemures
1162 2228 1190 2291 si
1219 2227 1305 2304 mali,

160 2353 217 2396 seu
241 2333 361 2408 laruas3
385 2352 494 2396 manes
518 2334 624 2396 autom
649 2333 724 2398 deos
749 2335 821 2411 dici,
847 2335 874 2397 si
897 2335 1053 2400 incertum
1078 2337 1127 2400 cst
1149 2334 1304 2399 bonorum

160 2460 213 2505 eos
239 2459 295 2504 seu
319 2441 473 2504 malorum
499 2458 569 2504 esse
593 2441 787 2504 meritorum.
830 2441 865 2504 In
897 2460 959 2522 qua
986 2441 1132 2524 opinione
1157 2444 1305 2523 quantam

160 2548 343 2630 uoraginem
363 2547 504 2630 aperiant
523 2547 681 2636 sectandis
700 2547 831 2629 perditis
848 2547 998 2622 moribus,
1020 2547 1090 2629 quis
1110 2567 1170 2611 non
1186 2547 1305 2623 uideat,

160 2653 186 2716 si
210 2653 264 2717 uel
287 2653 453 2736 paululum
478 2651 648 2716 adtendat?
673 2651 804 2731 Quando
828 2653 956 2736 quidem
976 2654 1151 2736 quamlibet
1169 2673 1305 2736 nequam

115 2781 140 2819 aa
158 2759 302 2824 homines
326 2759 453 2836 suerint,
486 2761 539 2823 uel
562 2758 666 2824 laruas
693 2779 726 2823 se
749 2760 817 2824 fieri
841 2760 916 2824 dum
942 2761 1120 2843 opinantur,
1153 2761 1207 2824 uel
1231 2761 1305 2824 dum

159 2884 268 2930 manes
303 2865 389 2943 deos,
422 2869 510 2930 tauto
534 2866 656 2949 peiores
684 2865 775 2942 fiunt,
810 2871 926 2948 quanto
957 2870 1031 2931 sunt
1058 2867 1191 2932 nocendi
1220 2867 1307 2949 cupi-

160 2971 273 3052 diores,
297 2977 334 3036 ut
358 2973 453 3037 etiam
478 2973 667 3055 quibusdum
692 2973 853 3038 sacrificiis
877 2978 1040 3056 tamquam
1065 2974 1181 3038 diuinis
1210 2973 1307 3038 hono-

159 3079 247 3144 ribus
272 3083 502 3162 postmortem
527 3099 560 3144 se
584 3080 713 3144 inuitari
737 3082 914 3163 opinentur,
945 3083 982 3144 ut
1004 3083 1144 3145 noceant.
1186 3081 1305 3144 Laruas

161 3186 278 3269 quippe
302 3187 379 3251 dicit
402 3206 471 3251 esse
495 3187 603 3252 noxios
628 3186 795 3252 daemones
821 3207 856 3252 er
879 3188 1061 3252 hominibus
1091 3187 1202 3253 factos,
1246 3185 1307 3251 Sed

117 3315 141 3354 as
160 3293 233 3356 hinc
259 3293 320 3357 alia
348 3295 491 3375 quaestio
517 3298 575 3360 est.
610 3293 687 3359 Inde
712 3297 817 3360 autern
846 3293 991 3378 perhibet
1014 3293 1165 3379 appellari
1189 3293 1307 3358 Graece

160 3400 272 3464 beatos
301 3393 492 3484 εὐδαίμονας,
525 3401 608 3484 quod
642 3401 716 3466 boni
744 3402 809 3466 sint
841 3402 946 3479 animi,
978 3401 1038 3466 hoc
1067 3405 1116 3466 est
1138 3401 1214 3466 boni
1237 3401 1307 3465 dae-

159 3526 281 3585 mones,
306 3507 427 3571 animos
451 3526 576 3590 quoque
600 3507 764 3572 hominum
785 3508 951 3572 daemones
972 3527 1042 3572 esse
1067 3509 1262 3573 confirmans.

253 3681 287 3734 14
307 3679 339 3733 de
358 3679 409 3734 deo
429 3681 501 3735 Socr.
521 3699 547 3751 p.
570 3683 611 3746 18,
632 3684 662 3737 11

196 3805 342 3859 2beatum
364 3805 516 3858 animumn
584 3807 616 3860 12
637 3809 718 3876 quip
789 3809 821 3860 14
841 3812 869 3860 et
888 3813 953 3862 ante
972 3824 1002 3861 ex
1022 3807 1103 3860 onai
1175 3824 1205 3859 ex
1225 3821 1308 3860 onae

161 3897 194 3948 15
215 3892 330 3946 ilarasa
425 3893 491 3946 boni
509 3893 600 3948 meriti
621 3895 680 3962 Ce‚·
698 3896 789 3949 meriti
808 3896 873 3949 boni
893 3897 950 3949 rell.
970 3895 1069 3950 Domt.
1170 3897 1202 3948 16
1221 3895 1270 3962 sel,
1290 3911 1307 3946 u

159 3999 274 4044 crae.,s
345 3981 602 4049 larbuse¹;larbus
623 3985 646 4038 e¹
719 3985 753 4053 si]
774 3985 851 4038 sedi
908 3986 940 4039 18
959 3983 1153 4054 perditisquaa
1208 3984 1241 4036 19
1259 3999 1307 4035 ne-

160 4087 332 4140 quaquams
438 4073 562 4126 homines
585 4089 699 4142 nequam
723 4073 824 4126 suerint
844 4091 877 4140 c;
899 4090 1014 4143 nequam
1033 4073 1135 4126 fuerint
1152 4072 1308 4126 hominess

160 4196 196 4249 23
216 4173 252 4255 et.
273 4196 304 4248 in
322 4213 408 4265 maro.
428 4173 496 4258 ute
550 4197 584 4250 25
604 4197 727 4266 aliquae
781 4198 1034 4253 retentosque
1105 4195 1307 4282 teatoleudae-

160 4303 254 4339 mones
276 4285 323 4352 C¹;
350 4285 646 4351 beatodleudaemones
667 4285 724 4340 (3²0
831 4287 1029 4341 heudaemones
1048 4306 1073 4352 s,·
1103 4305 1132 4342 ee
1152 4285 1310 4357 dqmonesl

161 4381 228 4428 sunt
247 4373 270 4428 ι’
345 4375 465 4429 animoa
537 4375 707 4430 daemoniss
