3108 4926
348 381 398 436 De
428 381 602 436 ciuitate
631 381 693 436 dei
720 381 786 438 lib.
811 381 871 436 Vll.
902 399 976 452 cap.
1001 383 1043 438 31.
1068 383 1110 438 32.
1233 385 1297 452 347

588 573 725 642 CAPUT
748 577 864 642 XXXI.

153 713 307 796 Quibus
344 718 509 801 proprie
545 717 767 784 beneficiis
801 719 873 784 Dei
908 721 1077 802 excepta
1110 719 1297 804 generali

280 825 480 908 largitate
504 827 735 912 sectatores
760 825 957 890 ueritatis
982 829 1164 891 utantur.

192 964 357 1030 Habemus
382 965 462 1030 enim
489 965 527 1030 ab
551 966 606 1031 illo
630 973 754 1048 praeter
777 965 912 1031 huiusce
931 966 1017 1030 modi
1036 966 1198 1044 beneficia,
1218 985 1298 1048 quae

122 1089 184 1137 scr
203 1072 274 1148 hae,
294 1071 332 1136 de
352 1091 414 1154 quo
433 1073 584 1137 nonnulla
603 1071 749 1148 diximus,
769 1073 1040 1139 administratione
1059 1075 1188 1138 naturae
1206 1072 1300 1166 bonis

150 1177 307 1260 malisque
343 1177 488 1262 largitur,
521 1198 670 1262 magnum
711 1181 743 1243 et
778 1177 932 1244 bonorum
970 1179 1131 1263 proprium
1164 1196 1297 1262 magnas

150 1284 330 1350 dilectionis
366 1283 532 1349 indicium.
580 1281 779 1368 Quamquam
812 1287 906 1364 enirn,
940 1285 1024 1368 qnod
1057 1304 1180 1361 sumus,
1213 1283 1298 1368 quod

150 1390 302 1469 uiuimus,
327 1391 411 1474 quod
440 1392 563 1456 caelum
586 1393 763 1474 tonumque
787 1390 1011 1475 conspicimus,
1036 1392 1120 1476 quod
1142 1369 1300 1456 habemus

150 1500 288 1562 mentem
321 1497 423 1581 adque
454 1497 620 1576 rationem,
651 1517 713 1582 que
745 1518 817 1563 eum
850 1499 967 1582 ipsum,
997 1499 1052 1582 qui
1083 1497 1160 1564 baec
1194 1495 1299 1564 omnis

111 1603 301 1678 recondidit,
326 1596 541 1686 inquiremus,
574 1623 772 1687 nequaquam
805 1605 968 1669 ualeamus
1002 1603 1120 1669 actioni
1152 1604 1296 1669 sufficere

152 1711 339 1795 gratiarum:
368 1714 473 1775 tamen
503 1710 588 1795 quod
615 1730 673 1776 nos
704 1713 848 1776 oneratos
878 1711 1071 1795 obrutosque
1099 1711 1239 1793 peccatis
1265 1712 1298 1775 et

152 1837 170 1882 e
200 1817 466 1900 contemplatione
499 1837 575 1882 suae
607 1818 689 1883 lucis
723 1837 850 1884 auersos
880 1837 916 1882 eo
942 1817 1153 1896 tenebrarum,
1181 1817 1214 1882 id
1248 1819 1298 1882 est

151 1925 339 2007 iniquitatis,
367 1923 534 1989 dilectione
563 1927 707 1990 caecatos
735 1944 795 1990 uon
825 1925 950 1990 omnino
979 1925 1119 1990 deseruit
1146 1911 1298 2007 misitque

151 2031 239 2096 nobis
257 2031 394 2096 Verbum
420 2050 524 2110 suum,
544 2031 599 2114 qui
622 2036 672 2098 est
695 2033 764 2098 eius
788 2032 901 2098 unicus
925 2031 1021 2105 filius,
1042 2051 1104 2115 quo
1128 2051 1183 2114 pro
1203 2029 1296 2094 nobis

110 2166 133 2204 n
152 2137 298 2203 adsumta
326 2156 416 2201 carne
444 2141 516 2202 neto
541 2137 642 2220 adque
667 2157 771 2222 passo,
796 2140 906 2223 quanti
929 2139 1015 2204 Deus
1039 2137 1200 2204 homiuem
1223 2156 1297 2220 pen-

152 2243 248 2320 deret,
277 2263 481 2308 nosceremus
514 2244 615 2327 adque
645 2244 700 2309 illo
734 2243 888 2311 sacrificio
923 2247 1074 2329 singulari
1108 2263 1126 2309 o
1156 2243 1296 2327 peccatis

152 2350 298 2415 omnibus
341 2350 562 2415 mundaremur
602 2350 734 2433 eiusque
776 2350 889 2435 spiritu
925 2351 957 2416 in
994 2352 1142 2416 cordibus
1179 2350 1297 2415 nostris

151 2457 316 2524 dilectione
341 2457 456 2523 diffusa
480 2457 626 2524 omnibus
646 2457 890 2525 difficultatibus
910 2459 1068 2541 superetis
1087 2456 1118 2522 in
1139 2461 1296 2522 aeternam

150 2565 290 2645 requiem
319 2568 351 2628 et
378 2565 654 2648 contemplationis
679 2565 747 2630 eius
772 2565 963 2632 ineffabilem
987 2565 1185 2630 dulcedinem
1209 2563 1296 2628 ueni-

107 2687 133 2726 co
149 2689 266 2748 remus,
291 2689 371 2753 quae
399 2671 502 2750 corde,
527 2675 604 2755 quot
631 2672 759 2757 linguae
788 2673 827 2737 ed
852 2673 988 2756 agendas
1018 2671 1046 2736 ei
1066 2671 1191 2756 gratias
1217 2670 1296 2734 satis

151 2795 219 2841 esse
243 2777 479 2843 contenderint?

579 2969 715 3036 CAPUT
737 2969 867 3036 XXXII.

150 3107 258 3188 Quod
305 3114 600 3176 sacramentum
646 3111 914 3178 redemtionis
958 3111 1116 3178 Christi
1159 3111 1316 3176 nullis·

150 3222 258 3283 retro
284 3218 537 3300 temporibus
562 3217 746 3284 defuerit
770 3238 1006 3302 semperque
1031 3219 1087 3284 sit
1110 3218 1294 3284 diuersis

106 3345 131 3386 rs
364 3325 755 3410 significationibus
788 3325 1079 3409 praedicatum.

191 3467 263 3532 Hoc
286 3467 474 3550 mysterium
498 3469 585 3532 uitae
610 3472 753 3533 aeternae
776 3468 839 3532 iam
863 3467 935 3532 inde
958 3468 995 3532 ab
1021 3465 1145 3533 exordio
1170 3465 1294 3551 generis

147 3572 278 3638 humani
301 3592 356 3657 per
379 3571 530 3656 quaedam
556 3575 646 3659 signs
665 3578 697 3639 et
716 3581 911 3640 sacramenta
929 3574 1125 3658 temporibus
1145 3591 1298 3658 congruo,¹

149 3681 264 3763 quibus
289 3681 439 3763 oportuit,
459 3701 514 3764 per
537 3681 666 3766 angelos
690 3681 906 3765 praedicatum
931 3684 989 3747 est.
1015 3680 1135 3745 Deinde
1154 3673 1298 3761 popolus

148 3787 313 3852 Hebraeus
340 3787 372 3852 in
401 3806 495 3852 unam
524 3788 680 3872 quandam
709 3807 775 3853 rem
798 3789 969 3871 publicam,
994 3806 1074 3870 quas
1104 3785 1165 3851 hoc
1193 3803 1293 3850 escra-

106 3916 130 3957 11
148 3895 291 3958 mentum
320 3897 437 3977 ageret,
467 3899 676 3979 congregatus
704 3899 762 3966 est,
792 3895 847 3960 ubi
874 3915 929 3979 per
961 3893 1114 3978 quosdam
1147 3892 1294 3972 seientes,

183 4084 395 4154 apropriceo
482 4085 689 4141 bnonnulliO
779 4087 811 4140 10
830 4085 959 4146 actiones.
980 4102 993 4139 e
1012 4085 1296 4145 m.2exicorr.,e

150 4174 182 4226 14
205 4173 277 4227 filius
295 4174 391 4228 unicus
410 4190 423 4228 e
513 4177 546 4258 15
573 4173 698 4230 adsumta
717 4174 883 4244 (adsumpto)
906 4174 1002 4228 Orell.
1021 4191 1051 4242 o;
1070 4175 1098 4226 in
1117 4173 1174 4228 ads.
1194 4171 1293 4226 Dourb.

147 4287 285 4343 hominum
307 4288 339 4342 0¹
393 4289 572 4360 aoqnodc1
626 4293 658 4346 21
680 4249 871 4346 coricierentO
