3164 4932
299 444 363 508 638
643 441 669 496 S.
699 439 854 496 Aurelii
881 440 1100 510 Auguetini

299 639 419 703 animas
448 640 612 702 ettamen
642 638 776 702 aeternis
805 639 987 721 corporibus
1014 637 1174 722 inligatae,
1198 638 1353 704 caelestes
1376 641 1439 722 qui-

298 744 370 807 dem
394 744 505 828 igneis,
530 743 617 808 Iouis
642 746 748 808 autem
771 743 874 827 ipsius
894 745 1040 820 animam,
1060 763 1153 826 quem
1172 744 1328 810 mundum
1345 745 1436 810 istum

299 852 420 924 uolunt,
441 851 588 915 omnibus
613 851 737 916 omnino
762 851 920 932 corporeis
944 850 1118 929 elementis,
1138 851 1255 934 quibus
1276 853 1354 917 haec
1377 857 1441 919 tota
1552 907 1553 930 ,

298 957 398 1024 moles
418 977 436 1022 a
454 962 537 1021 terra
559 957 592 1022 in
616 957 738 1022 caelum
762 957 875 1042 surgit,
898 957 1065 1022 inclusam.
1089 959 1179 1023 Hanc
1203 958 1288 1022 enim
1307 959 1440 1024 animam

297 1065 389 1129 Plato
414 1065 452 1129 ab
476 1065 588 1129 intimo
612 1067 713 1129 terrae
731 1064 847 1143 medio,
868 1064 953 1146 quod
971 1067 1150 1149 geometrae
1169 1068 1298 1130 centron
1318 1071 1440 1144 uocant,
1467 1089 1478 1125 s

296 1191 352 1255 per
388 1191 496 1237 omnes
528 1176 633 1255 partes
667 1172 736 1237 eine
767 1189 869 1254 usque
902 1171 942 1236 ad
972 1170 1051 1236 caeli
1085 1190 1210 1236 summa
1243 1174 1276 1237 et
1308 1177 1442 1238 extrema

297 1279 430 1343 diffundi
460 1282 492 1344 et
515 1278 639 1344 extendi
663 1297 719 1362 per
741 1298 889 1344 numeros
912 1278 1051 1344 musicos
1076 1277 1232 1360 opinatur,
1256 1280 1295 1344 ut
1317 1279 1442 1345 sitista

296 1386 433 1450 mundus
472 1386 588 1450 animal
623 1387 794 1451 maximum
826 1385 1047 1451 beatissimum
1080 1386 1321 1469 sempiternum,
1353 1387 1441 1452 cuius

297 1493 401 1556 anima
433 1497 465 1557 et
496 1493 668 1576 perfectam
702 1493 875 1574 sapientiae
906 1492 1091 1558 felicitatem
1119 1495 1243 1558 teneret
1269 1497 1302 1558 et
1329 1512 1441 1576 corpus

295 1600 456 1682 proprium
486 1619 546 1665 non
570 1601 770 1684 relinqueret,
794 1601 948 1684 cuiusque
972 1618 1086 1682 corpus
1110 1600 1195 1664 etin
1220 1603 1384 1665 aeternum
1408 1621 1441 1666 ex
1457 1623 1477 1662 n

295 1705 351 1770 illa
378 1707 502 1772 uiueret
529 1710 561 1771 et
589 1727 657 1772 eam
682 1707 828 1790 quamuis
851 1727 912 1772 non
937 1707 1079 1790 simplex,
1104 1706 1160 1771 eet
1184 1709 1233 1772 tot
1255 1708 1439 1790 corporibus

295 1813 457 1895 tantisque
482 1816 669 1895 conpactum
693 1812 841 1878 hebetare
865 1813 967 1896 adque
990 1813 1112 1878 tardare
1135 1832 1197 1879 non
1216 1818 1338 1897 posset.
1363 1813 1438 1880 Cum

294 1919 395 2003 igitur
417 1920 652 2004 suspicionibus
676 1921 744 1986 suis
766 1921 830 1985 ista
851 1921 1046 2004 permittant,
1071 1939 1153 2003 quur
1174 1921 1288 1986 nolunt
1306 1922 1438 1998 credere,

296 2026 403 2091 diuina
425 2027 590 2092 uoluntate
613 2026 715 2110 adque
738 2027 880 2110 potentia
902 2027 1082 2092 inmortalia
1105 2045 1235 2110 corpora
1256 2026 1325 2092 fieri
1348 2047 1439 2111 posse

293 2137 428 2212 terrena,
451 2134 482 2198 in
507 2135 623 2217 quibus
647 2134 770 2198 animae
792 2133 880 2198 nulla
903 2134 941 2198 ab
965 2133 1012 2199 eie
1030 2137 1133 2199 morte
1152 2137 1325 2216 separatae,
1344 2135 1439 2200 nullis
1455 2155 1478 2198 ιε

294 2259 403 2305 eorum
442 2239 588 2305 oneribus
627 2241 816 2324 adgrauatae
853 2240 1042 2323 sempiterne
1080 2259 1116 2305 aa
1152 2240 1287 2306 feliciter
1318 2242 1439 2318 uiuant,

294 2347 379 2429 quod
402 2347 477 2412 deos
502 2367 577 2414 suoe
601 2367 695 2432 posse
715 2346 865 2413 adserunt
886 2349 918 2412 in
943 2347 1127 2430 corporibus
1146 2347 1248 2432 igneis
1266 2349 1439 2433 Iouemque

292 2454 398 2538 ipsum
424 2472 531 2518 eorum
554 2473 662 2538 regem
685 2455 716 2518 in
741 2454 885 2520 omnibus
910 2455 1067 2538 corporeis
1091 2454 1279 2520 elementis?
1307 2454 1390 2521 Nam
1413 2457 1438 2521 si

294 2561 427 2638 animae,
456 2563 493 2625 ut
519 2560 613 2626 beata
636 2561 689 2640 sit,
713 2581 827 2645 corpus
852 2564 901 2626 est
924 2580 1015 2626 omne
1037 2560 1236 2646 fugiendum,
1261 2562 1388 2646 fugiant
1409 2562 1437 2626 di

292 2685 402 2730 eorum
432 2667 470 2732 de
498 2666 602 2751 globis
632 2668 782 2743 siderum,
809 2668 913 2751 fugiat
934 2668 1079 2750 Iuppiter
1105 2667 1143 2731 <le
1172 2667 1259 2733 caelo
1287 2671 1320 2732 et
1343 2671 1436 2741 terrm
1453 2691 1474 2730 ec

293 2777 349 2838 aut
386 2774 414 2838 si
450 2793 511 2839 non
548 2779 693 2857 possunt,
732 2775 840 2838 miseri
877 2774 1066 2839 iudicentur.
1110 2773 1171 2840 Sed
1203 2779 1352 2840 neutrum
1384 2776 1436 2840 isti

290 2883 415 2959 uolunt,
449 2863 502 2962 qui
538 2901 640 2964 neque
673 2901 692 2946 a
723 2881 907 2964 corporibus
944 2881 1174 2965 separationem
1211 2882 1331 2948 audent
1366 2884 1434 2948 dare

292 2987 340 3052 dis
370 2987 448 3064 suis,
476 3006 515 3052 ne
542 2988 616 3053 illos
644 2989 794 3053 mortales
822 2989 925 3053 colere
948 2988 1125 3065 uideantur,
1149 3008 1207 3054 neo
1229 2989 1432 3054 beatitudinis

289 3093 513 3174 punctionem,
544 3114 583 3160 ne
614 3092 757 3160 infelices
790 3114 844 3160 eos
876 3113 946 3160 esse
978 3095 1145 3162 fateantur.
1187 3095 1258 3162 Non
1291 3115 1365 3181 ergo
1396 3096 1432 3160 ad

290 3201 519 3265 beatitudinem
561 3203 813 3284 consequendam
856 3202 961 3267 omnia
995 3201 1146 3287 fugienda
1180 3205 1256 3267 sunt
1291 3221 1429 3286 corpora3
1448 3224 1470 3263 a

291 3307 346 3370 sed
375 3309 592 3390 corruptibilia
616 3311 761 3386 molesta,
785 3309 894 3394 grauia
916 3309 1118 3386 moribunda;
1146 3328 1208 3374 non
1231 3311 1338 3391 qualia
1360 3310 1430 3375 fecit

288 3413 400 3496 primis
441 3413 623 3478 hominibus
665 3415 790 3480 bonitas
827 3415 896 3493 Dei,
934 3415 990 3480 sed
1032 3415 1139 3499 qualia
1179 3433 1250 3480 csse
1292 3417 1430 3500 conpulit

289 3539 391 3602 poena
412 3520 543 3603 peccati.

325 3746 457 3814 lquace
511 3745 576 3800 5ab
590 3745 698 3800 initiet
770 3748 921 3816 geometres
931 3764 953 3815 p
1025 3750 1177 3802 centrumc
1232 3747 1428 3819 lopinanturl

286 3834 304 3887 ’9
325 3835 440 3913 anianum
465 3835 492 3888 V
562 3835 594 3889 18
613 3851 704 3904 regern
723 3850 848 3889 ceramo
927 3836 956 3888 in
973 3851 1033 3905 sup.
1054 3837 1103 3890 lia.
1127 3836 1154 3889 V
1231 3837 1384 3900 hominibus
1406 3836 1431 3892 Υ

290 3951 322 4004 19
342 3915 451 4004 (lacrum
476 3951 512 4018 V,·
531 3950 651 4016 deorum,
669 3931 853 4020 aegrescafpto
871 3968 905 4006 m.
923 3967 975 4005 rec.
995 3951 1066 4015 dii,1
1119 3917 1247 4007 21⁸utV
1299 3955 1335 4009 22
1352 3970 1427 4024 sepa-

286 4039 393 4093 ratione
416 4039 443 4092 V
525 4049 526 4054 ’
