3136 4934
356 447 406 502 De
436 449 611 502 ciuitate
640 447 701 503 dei
731 449 798 502 lib.
827 449 916 503 Vllll.
946 467 1020 519 cap.
1049 452 1075 503 4.
1221 455 1284 518 411

135 643 219 707 sicut
243 643 308 707 iste
332 644 369 707 de
395 643 515 708 Graeco
540 644 728 726 expressius,
759 644 923 726 passiones
948 653 1074 710 uocant.
1121 647 1187 711 Has
1213 667 1285 731 ergo

134 749 390 831 peiturbationes
423 751 492 815 siue
525 751 708 815 affectiones
742 751 812 815 siue
840 752 1003 833 passiones
1030 753 1157 834 quidam
1184 753 1285 837 pbilo-

133 856 226 938 sophi
251 857 363 921 dicunt
385 857 481 922 etiam
505 857 535 920 in
562 859 735 940 sapientem
760 858 880 933 cadere,
907 859 961 922 sed
990 859 1169 924 moderatas
1190 861 1284 925 natio-

133 963 230 1044 nique
257 961 429 1040 subiectas
453 965 490 1026 ut
514 963 560 1026 eis
584 963 672 1046 leges
693 963 829 1044 quodam
854 963 958 1040 modo,
984 965 1099 1046 quibus
1120 965 1159 1029 ad
1178 985 1285 1030 neces-

106 1071 255 1134 ssarium
278 1069 461 1152 redigantur
483 1069 624 1148 modum,
649 1069 821 1134 dominatio
842 1071 958 1135 mentis
978 1072 1117 1153 inponat.
1142 1073 1211 1136 Hoc
1232 1073 1286 1153 qui

134 1176 289 1252 sentiunt,
308 1176 465 1240 Platonici
485 1179 561 1240 sunt
579 1177 648 1240 siue
663 1176 871 1252 Aristotelioi,
892 1193 963 1240 cnm
984 1178 1173 1243 Aristoteles
1193 1179 1285 1244 disci-

132 1283 230 1365 pnlus
249 1283 392 1347 Platonis
416 1283 522 1362 suerit,
547 1284 601 1365 qui
625 1287 745 1346 sectam
764 1284 1009 1365 Peripatetioam
1033 1285 1183 1350 condidit.
1204 1286 1285 1350 Aliis

133 1393 254 1468 autem,
271 1389 356 1454 sicut
370 1390 497 1464 Stoicis,
514 1387 624 1454 cedere
639 1391 721 1454 ullas
738 1390 863 1454 omnino
874 1391 1007 1455 huiusce
1023 1391 1285 1473 modipassiones

133 1497 163 1559 in
190 1497 368 1578 sapientem
393 1517 452 1561 non
477 1497 592 1580 placet.
639 1497 706 1562 llos
732 1500 849 1575 autem,
883 1498 915 1561 id
939 1501 989 1561 est
1013 1497 1149 1575 Stoicos,
1176 1497 1284 1563 Cicero

94 1629 117 1670 a
132 1603 163 1666 in
187 1604 281 1667 libris
306 1603 343 1668 de
366 1603 483 1668 finibus
506 1604 660 1668 bonorum
686 1604 897 1668 etmalorum
926 1605 1033 1669 uerbis
1063 1605 1166 1688 magis
1191 1623 1285 1686 quam

132 1711 230 1775 nebus
255 1711 408 1775 aduersus
431 1712 614 1776 Platonicos
638 1731 695 1775 seu
720 1712 949 1794 Peripateticos
969 1715 1088 1776 certare
1109 1712 1284 1787 conuincit;

132 1817 260 1899 qnando
285 1817 411 1900 quidem
438 1817 538 1883 Stoici
569 1821 681 1882 nolunt
713 1818 796 1882 bona
826 1820 995 1901 appellare,
1029 1819 1085 1884 sed
1119 1819 1286 1884 commoda

132 1925 275 2006 corporis
300 1930 332 1989 et
355 1927 491 2002 externa,
521 1925 666 2008 eoquod
695 1925 817 1988 nullum
849 1925 965 1988 bonum
996 1926 1109 1989 uolunt
1138 1945 1208 1990 esse
1230 1925 1285 1989 bo-

132 2033 230 2098 minis
255 2035 378 2114 praeter
400 2034 566 2110 uirtutem,
599 2035 761 2114 tamquam
792 2035 890 2096 entem
918 2032 997 2096 bene
1028 2033 1168 2110 uiuendi,
1204 2051 1284 2114 quae

93 2163 116 2200 u
131 2157 195 2202 non
220 2139 281 2202 nisi
305 2139 336 2202 in
361 2139 464 2203 animo
485 2143 544 2203 est.
568 2139 656 2204 Haec
676 2141 782 2202 autem
806 2139 862 2203 isti
886 2139 1075 2221 simpliciter
1094 2143 1126 2203 et
1145 2159 1179 2204 ex
1200 2157 1285 2203 com-

132 2245 223 2309 muni
246 2245 397 2327 loquendi
422 2245 650 2310 consuetudine
676 2245 838 2328 appellant
860 2245 957 2320 bona;
992 2245 1047 2310 sed
1076 2246 1107 2308 in
1137 2263 1285 2328 conpara-

132 2354 220 2416 tione
244 2353 385 2430 uirtutis‚
409 2371 472 2435 qua
494 2355 578 2417 recte
602 2352 734 2430 uiuitur,
757 2371 856 2434 parua
880 2356 912 2416 et
935 2353 1057 2436 exigua.
1081 2353 1126 2416 Ex
1151 2372 1213 2434 quo
1238 2352 1283 2429 lit,

134 2463 170 2521 ut
194 2459 233 2522 ab
258 2459 401 2540 utrisque
427 2459 593 2541 quodlibet
625 2462 789 2536 nocentur,
824 2479 879 2522 seu
912 2459 994 2523 bona
1023 2477 1079 2522 seu
1109 2459 1283 2534 commoda,

135 2567 200 2648 pani
234 2569 338 2630 tamen
373 2566 592 2630 aestimatione
629 2569 810 2649 pensentur,
849 2585 906 2629 nec
938 2565 969 2628 in
1009 2566 1066 2629 bac
1100 2565 1284 2647 quaestione

92 2695 117 2736 ao
136 2673 236 2737 Stoici
260 2671 457 2737 delectentur
480 2671 541 2736 nisi
566 2673 708 2736 nouitate
732 2673 912 2737 uerborum.
952 2671 1084 2735 Videtur
1108 2691 1182 2756 ergo
1205 2671 1284 2734 mibi

135 2778 229 2842 eliam
254 2779 284 2842 in
309 2780 379 2854 hoc,
404 2778 459 2842 ubi
483 2778 646 2861 quaen‘tun
668 2783 776 2842 utrum
800 2777 946 2842 accidant
965 2777 1101 2860 sapienti
1121 2777 1283 2860 passiones

136 2885 240 2962 animi,
275 2905 312 2949 an
347 2885 384 2948 ab
419 2885 464 2948 eis
499 2887 542 2950 sit
570 2904 699 2966 prorsus
729 2884 862 2962 alienae,
896 2884 934 2948 de
958 2884 1065 2948 uerbis
1095 2903 1148 2948 cos
1177 2885 1284 2967 potins

136 3011 228 3072 quam
254 2991 410 3056 derebus
435 2991 536 3056 lacere
561 2994 818 3056 controuersiam.
843 2993 925 3056 Nam
945 2994 977 3055 et
994 2991 1082 3073 ipsos
1107 2991 1187 3054 nihil
1210 2991 1283 3054 hinc

135 3099 221 3164 aliud
237 3117 332 3181 quam
342 3099 524 3164 Platonicos
541 3101 573 3162 et
583 3099 811 3182 Peripateticos
829 3099 945 3163 sentire
956 3097 1112 3174 existimo,
1129 3101 1281 3178 quantum

91 3227 117 3269 as
135 3205 173 3269 ad
197 3206 263 3269 uim
289 3225 394 3269 reniam
417 3205 549 3280 adtinet,
574 3225 633 3269 non
659 3205 697 3268 ad
722 3205 949 3269 uocabulorum
976 3223 1100 3269 sonum.

179 3313 224 3378 Ut
256 3311 339 3376 enim
372 3312 434 3377 alia
466 3314 623 3389 omittam,
656 3313 773 3394 quibus
806 3311 839 3375 id
874 3311 1049 3388 ostendam,
1085 3329 1122 3375 ne
1151 3311 1282 3395 longum

135 3419 258 3497 seciam,
284 3419 404 3501 aliquid
425 3439 520 3483 unum
538 3419 621 3501 quod
638 3419 680 3482 sit
697 3419 974 3482 euidentissimum
990 3419 1103 3482 dicem.
1127 3418 1162 3481 ln
1181 3417 1283 3496 libris,

136 3527 251 3608 quibus
274 3527 391 3591 titulus
416 3528 466 3590 est
488 3525 638 3590 Noctium
663 3526 853 3602 Atticarum,
879 3526 990 3590 scribit
1013 3529 1049 3590 A.
1076 3524 1210 3602 Gellius,
1235 3527 1284 3590 uin

171 3829 352 3884 lsicutiste
371 3845 404 3882 m.
425 3831 600 3884 Maroae
696 3830 849 3898 laosap.
869 3829 949 3886 lind
1056 3831 1173 3898 8siculf
1192 3827 1283 3881 istcici

135 3945 373 4000 coenaremus
446 3946 555 3999 omnino
575 3945 689 4000 masc
750 3946 959 4015 olisiponam
982 3944 1014 4000 0¹
1070 3946 1101 3998 11
1123 3909 1285 3998 alianae

137 4036 168 4088 12
187 4035 310 4089 istoicis
383 4033 430 4088 sed
451 4035 835 4140 commodataustinrcsa
891 4037 923 4088 13
944 4037 1040 4089 etone.
1062 4051 1079 4086 a
1152 4036 1282 4100 eternap

136 4153 167 4205 16
187 4149 408 4220 corporationce
465 4152 496 4204 17
515 4151 722 4220 parueexigaal
779 4151 811 4203 18
831 4154 974 4204 uoceture
1030 4151 1062 4203 19
1083 4147 1285 4226 extimatione}

1176 4229 1187 4262 d
1273 4237 1284 4260 v

133 4279 296 4344 penseture
351 4274 527 4328 20istoicie
581 4277 615 4330 ‘35
635 4293 738 4340 sonam,
758 4293 792 4329 on
812 4273 1053 4330 mmccccl]
1114 4274 1147 4327 27
1168 4271 1283 4342 aliquidi

135 4363 144 4417 l
162 4381 195 4417 m.
216 4367 237 4418 2
255 4379 324 4418 con.
398 4363 601 4418 euidentissime
620 4365 645 4418 s¹
699 4365 734 4417 28
753 4365 794 4417 nir
813 4381 863 4419 om.
884 4381 902 4418 a
